<record xmlns="http://www.loc.gov/MARC21/slim">
  <leader>01297cam a2200193   4500</leader>
  <controlfield tag="008">060803s2002    onc           000 0 fre u</controlfield>
  <datafield tag="035" ind1=" " ind2=" ">
    <subfield code="a">(Sirsi) a778670</subfield>
  </datafield>
  <datafield tag="100" ind1="1" ind2=" ">
    <subfield code="a">Ontario.</subfield>
    <subfield code=" ">Écoles secondaires publiques de langue française</subfield>
  </datafield>
  <datafield tag="245" ind1="1" ind2="0">
    <subfield code="a">Esquisse de cours 12e année :</subfield>
    <subfield code="b">environnement et gestion des ressources cgr4m cours préuniversitaire /</subfield>
    <subfield code="c">Écoles secondaires publiques de langue française de l&apos;Ontario</subfield>
  </datafield>
  <datafield tag="246" ind1=" " ind2=" ">
    <subfield code="a">Esquisse de cours douzième année</subfield>
  </datafield>
  <datafield tag="260" ind1=" " ind2=" ">
    <subfield code="a">Vanier, Ont :</subfield>
    <subfield code="b">CFORP,</subfield>
    <subfield code="c">2002</subfield>
  </datafield>
  <datafield tag="300" ind1=" " ind2=" ">
    <subfield code="a">145 p.</subfield>
  </datafield>
  <datafield tag="650" ind1=" " ind2="6">
    <subfield code="a">Notre planète: une vision globale (Douzième) </subfield>
    <subfield code="x">Étude et enseignement </subfield>
    <subfield code="z">Ontario </subfield>
    <subfield code="x">Programmes d&apos;études</subfield>
  </datafield>
  <datafield tag="650" ind1=" " ind2="6">
    <subfield code="a">Écosystèmes naturels, terrestres et aquatiques (Douzième) </subfield>
    <subfield code="x">Étude et enseignement </subfield>
    <subfield code="z">Ontario </subfield>
    <subfield code="x">Programmes d&apos;études</subfield>
  </datafield>
  <datafield tag="650" ind1=" " ind2="6">
    <subfield code="a">Transformation de l&apos;environnement par l&apos;être humain (Douzième) </subfield>
    <subfield code="x">Étude et enseignement </subfield>
    <subfield code="z">Ontario </subfield>
    <subfield code="x">Programmes d&apos;études</subfield>
  </datafield>
  <datafield tag="650" ind1=" " ind2="6">
    <subfield code="a">Exploitation et gestion des ressources naturelles (Douzième) </subfield>
    <subfield code="x">Étude et enseignement </subfield>
    <subfield code="z">Ontario </subfield>
    <subfield code="x">Programmes d&apos;études</subfield>
  </datafield>
  <datafield tag="650" ind1=" " ind2="6">
    <subfield code="a">Gestion et protection de l&apos;environnement (Douzième) </subfield>
    <subfield code="x">Étude et enseignement </subfield>
    <subfield code="z">Ontario </subfield>
    <subfield code="x">Programmes d&apos;études</subfield>
  </datafield>
  <datafield tag="596" ind1=" " ind2=" ">
    <subfield code="a">10</subfield>
  </datafield>
  <datafield tag="999" ind1=" " ind2=" ">
    <subfield code="a">aides/12 ÉSPLFO Environ&apos;t gest ress c2</subfield>
    <subfield code="w">ALPHANUM</subfield>
    <subfield code="c">1</subfield>
    <subfield code="i">30009000020060</subfield>
    <subfield code="l">EDUC-REF</subfield>
    <subfield code="m">BR2</subfield>
    <subfield code="r">N</subfield>
    <subfield code="s">Y</subfield>
    <subfield code="t">BOOKS</subfield>
    <subfield code="u">1/9/2006</subfield>
  </datafield>
</record>