
<record xmlns="http://www.loc.gov/MARC21/slim">
  <leader>00623cas a2200133   4500</leader>
  <controlfield tag="008">060901n                            eng u</controlfield>
  <datafield tag="022" ind1=" " ind2=" ">
    <subfield code="a">0008-1639</subfield>
  </datafield>
  <datafield tag="035" ind1=" " ind2=" ">
    <subfield code="a">(Sirsi) a778682</subfield>
  </datafield>
  <datafield tag="245" ind1="0" ind2="0">
    <subfield code="a">California Western Law Review </subfield>
    <subfield code="h">[electronic resource].</subfield>
  </datafield>
  <datafield tag="260" ind1=" " ind2=" ">
    <subfield code="a">San Diego, CA :b</subfield>
    <subfield code=" ">California Western School of Law</subfield>
  </datafield>
  <datafield tag="520" ind1=" " ind2=" ">
    <subfield code="a">Coverage is from volume one to the most recently published volume.</subfield>
  </datafield>
  <datafield tag="856" ind1="4" ind2="0">
    <subfield code="z">Available online</subfield>
    <subfield code="u">http://librweb.laurentian.ca/login?url=http://heinonline.org/HOL/Index?index=journals/cwlr&amp;collection=journals</subfield>
  </datafield>
  <datafield tag="596" ind1=" " ind2=" ">
    <subfield code="a">1</subfield>
  </datafield>
  <datafield tag="999" ind1=" " ind2=" ">
    <subfield code="a">ONLINE / EN LIGNE</subfield>
    <subfield code="w">ASIS</subfield>
    <subfield code="c">1</subfield>
    <subfield code="i">778682-1001</subfield>
    <subfield code="l">DESM-WWW</subfield>
    <subfield code="m">BR1</subfield>
    <subfield code="r">Y</subfield>
    <subfield code="s">Y</subfield>
    <subfield code="t">PER_WEB</subfield>
    <subfield code="u">1/9/2006</subfield>
  </datafield>
</record>