
<record xmlns="http://www.loc.gov/MARC21/slim">
  <leader>01548cam a2200277   4500</leader>
  <controlfield tag="008">060811s2002    onca     bm   000 0 eng u</controlfield>
  <datafield tag="035" ind1=" " ind2=" ">
    <subfield code="a">(Sirsi) a778690</subfield>
  </datafield>
  <datafield tag="035" ind1=" " ind2=" ">
    <subfield code="a">(Sirsi) a778690</subfield>
  </datafield>
  <datafield tag="040" ind1=" " ind2=" ">
    <subfield code="d">UtOrBLW</subfield>
  </datafield>
  <datafield tag="100" ind1="1" ind2=" ">
    <subfield code="a">Mohamedelhassan, Eltayeb Eltahir.</subfield>
  </datafield>
  <datafield tag="245" ind1="1" ind2="0">
    <subfield code="a">Soil improvement using electrokinetic and vacuum techniques</subfield>
    <subfield code="h">[electronic resource] /</subfield>
    <subfield code="c">by Eltayeb Eltahir Mohamedelhassan</subfield>
  </datafield>
  <datafield tag="260" ind1=" " ind2=" ">
    <subfield code="a">London, Ont. :</subfield>
    <subfield code="b">University of Western Ontario, Faculty of Graduate Studies,</subfield>
    <subfield code="c">2002</subfield>
  </datafield>
  <datafield tag="300" ind1=" " ind2=" ">
    <subfield code="a">xvii, 226 l. :</subfield>
    <subfield code="b">ill.</subfield>
  </datafield>
  <datafield tag="500" ind1=" " ind2=" ">
    <subfield code="a">Curriculum vita.</subfield>
  </datafield>
  <datafield tag="502" ind1=" " ind2=" ">
    <subfield code="a">Thesis (Ph.D.) -- University of Western Ontario, 2002</subfield>
  </datafield>
  <datafield tag="504" ind1=" " ind2=" ">
    <subfield code="a">Bibliogr.</subfield>
  </datafield>
  <datafield tag="506" ind1=" " ind2=" ">
    <subfield code="a">ACCESS TO FULL TEXT RESTRICTED TO MEMBERS OF LAURENTIAN UNIVERSITY COMMUNITY. PROXY AUTHENTICATION REQUIRED FOR OFF-CAMPUS ACCESS.</subfield>
  </datafield>
  <datafield tag="530" ind1=" " ind2=" ">
    <subfield code="a">Available on World Wide Web in Adobe PDF.</subfield>
  </datafield>
  <datafield tag="533" ind1=" " ind2=" ">
    <subfield code="a">Reproduction of microfilm master.</subfield>
    <subfield code="b">Ann Arbor, MI :</subfield>
    <subfield code="c"> Proquest Information and Learning,</subfield>
    <subfield code="d">2003.</subfield>
  </datafield>
  <datafield tag="538" ind1=" " ind2=" ">
    <subfield code="a">System requirements for full text: Internet connectivity, World Wide Web browser, and Adobe Acrobat reader.</subfield>
  </datafield>
  <datafield tag="596" ind1=" " ind2=" ">
    <subfield code="a">1</subfield>
  </datafield>
  <datafield tag="856" ind1="4" ind2="0">
    <subfield code="z">Full text (13.12 MB) available. Adobe Acrobat reader required. Click on &quot;Full text - PDF&quot; to view.</subfield>
    <subfield code="u">http://80-proquest.umi.com.librweb.laurentian.ca/pqdweb?did=828389231&amp;sid=4&amp;Fmt=2&amp;clientId=22643&amp;RQT=309&amp;VName=PQD</subfield>
  </datafield>
  <datafield tag="349" ind1=" " ind2=" ">
    <subfield code="a">Full text Adobe PDF file</subfield>
  </datafield>
  <datafield tag="349" ind1=" " ind2=" ">
    <subfield code="a">Abandoned Mines/Land Reclamation Database</subfield>
  </datafield>
  <datafield tag="349" ind1=" " ind2=" ">
    <subfield code="a">THESIS/THÈSE</subfield>
  </datafield>
  <datafield tag="999" ind1=" " ind2=" ">
    <subfield code="a">ONLINE / EN LIGNE</subfield>
    <subfield code="w">ASIS</subfield>
    <subfield code="c">1</subfield>
    <subfield code="i">778690-1001</subfield>
    <subfield code="l">FILESERVER</subfield>
    <subfield code="m">BR1</subfield>
    <subfield code="r">Y</subfield>
    <subfield code="s">Y</subfield>
    <subfield code="t">ELECRES</subfield>
    <subfield code="u">1/9/2006</subfield>
    <subfield code="x">FT_PDF</subfield>
  </datafield>
</record>