
<record xmlns="http://www.loc.gov/MARC21/slim">
  <leader>01356cjm a2200313 a 4500</leader>
  <controlfield tag="001">ael5067</controlfield>
  <controlfield tag="007">sd|fsngnnmmne|</controlfield>
  <controlfield tag="008">060901r20011971gw con                  u</controlfield>
  <datafield tag="028" ind1="0" ind2="0">
    <subfield code="a">464 702-2.</subfield>
    <subfield code="b">Philips</subfield>
  </datafield>
  <datafield tag="035" ind1=" " ind2=" ">
    <subfield code="a">(Sirsi) a778691</subfield>
  </datafield>
  <datafield tag="048" ind1=" " ind2=" ">
    <subfield code="b">ka01</subfield>
    <subfield code="a">oa</subfield>
  </datafield>
  <datafield tag="100" ind1="1" ind2="0">
    <subfield code="a">Grieg, Edvard,</subfield>
    <subfield code="d">1843-1907.</subfield>
  </datafield>
  <datafield tag="240" ind1="1" ind2="0">
    <subfield code="a">Concerto,</subfield>
    <subfield code="m">piano, orchestra,</subfield>
    <subfield code="n">op. 16,</subfield>
    <subfield code="r">A minor</subfield>
  </datafield>
  <datafield tag="245" ind1="0" ind2="0">
    <subfield code="a">Piano concerto in A minor</subfield>
    <subfield code="h">[sound recording], op. 16 /</subfield>
    <subfield code="c">Edvard Grieg.  Piano concerto in A minor, op. 54 / Robert Schumann</subfield>
  </datafield>
  <datafield tag="260" ind1="0" ind2=" ">
    <subfield code="a">[Germany] :</subfield>
    <subfield code="b">Philips Classics,</subfield>
    <subfield code="c">2001, p1971.</subfield>
  </datafield>
  <datafield tag="300" ind1=" " ind2=" ">
    <subfield code="a">1 sound disc :</subfield>
    <subfield code="b">analog (digitally remastered)</subfield>
  </datafield>
  <datafield tag="500" ind1=" " ind2=" ">
    <subfield code="a">&quot;50 great recordings.&quot;</subfield>
  </datafield>
  <datafield tag="500" ind1=" " ind2=" ">
    <subfield code="a">Philips: 464 702-2.</subfield>
  </datafield>
  <datafield tag="500" ind1=" " ind2=" ">
    <subfield code="a">Title on container: Piano concertos = Klavierkonzerte.</subfield>
  </datafield>
  <datafield tag="511" ind1="0" ind2=" ">
    <subfield code="a">Stephen Bishop Kovacevich, piano ; BBC Symphony Orchestra ; Colin Davis, conductor.</subfield>
  </datafield>
  <datafield tag="518" ind1=" " ind2=" ">
    <subfield code="a">Recorded in London, Jan. 1971 (Grieg) and Sept. 1970 (Schumann).</subfield>
  </datafield>
  <datafield tag="650" ind1=" " ind2="0">
    <subfield code="a">Concertos (Piano)</subfield>
  </datafield>
  <datafield tag="700" ind1="2" ind2="0">
    <subfield code="a">Bishop-Kovacevich, Stephen,</subfield>
    <subfield code="d">1940-</subfield>
    <subfield code="4">prf</subfield>
  </datafield>
  <datafield tag="700" ind1="1" ind2="0">
    <subfield code="a">Davis, Colin,</subfield>
    <subfield code="d">1927-</subfield>
    <subfield code="4">cnd</subfield>
  </datafield>
  <datafield tag="700" ind1="1" ind2="2">
    <subfield code="a">Schumann, Robert,</subfield>
    <subfield code="d">1810-1856.</subfield>
    <subfield code="t">Concertos,</subfield>
    <subfield code="m">piano, orchestra,</subfield>
    <subfield code="n">op. 54,</subfield>
    <subfield code="r">A minor.</subfield>
  </datafield>
  <datafield tag="710" ind1="2" ind2="0">
    <subfield code="a">BBC Symphony Orchestra.</subfield>
    <subfield code="4">prf</subfield>
  </datafield>
  <datafield tag="596" ind1=" " ind2=" ">
    <subfield code="a">3</subfield>
  </datafield>
  <datafield tag="926" ind1=" " ind2=" ">
    <subfield code="a"></subfield>
  </datafield>
  <datafield tag="999" ind1=" " ind2=" ">
    <subfield code="a">6425</subfield>
    <subfield code="w">ALPHANUM</subfield>
    <subfield code="c">1</subfield>
    <subfield code="i">30011000015454</subfield>
    <subfield code="d">11/10/2006</subfield>
    <subfield code="e">5/10/2006</subfield>
    <subfield code="l">HUNT-AUDIO</subfield>
    <subfield code="m">BR3</subfield>
    <subfield code="n">1</subfield>
    <subfield code="r">Y</subfield>
    <subfield code="s">Y</subfield>
    <subfield code="t">SOUND</subfield>
    <subfield code="u">1/9/2006</subfield>
    <subfield code="x">COMPDISCS</subfield>
  </datafield>
</record>