
<record xmlns="http://www.loc.gov/MARC21/slim">
  <leader>01555cjm a2200373 a 4500</leader>
  <controlfield tag="001">2929293</controlfield>
  <controlfield tag="003">LTSCA</controlfield>
  <controlfield tag="005">20040826134059.0</controlfield>
  <controlfield tag="007">sd fungnnmmneu</controlfield>
  <controlfield tag="008">040331s2003    caumsn   fi         lat d</controlfield>
  <datafield tag="024" ind1="1" ind2=" ">
    <subfield code="a">797551030128</subfield>
  </datafield>
  <datafield tag="028" ind1="0" ind2="2">
    <subfield code="a">SNGL0301</subfield>
    <subfield code="b">Sanglier</subfield>
  </datafield>
  <datafield tag="028" ind1="0" ind2="0">
    <subfield code="a">0301</subfield>
    <subfield code="b">Sanglier</subfield>
  </datafield>
  <datafield tag="035" ind1=" " ind2=" ">
    <subfield code="a">(Sirsi) a778692</subfield>
  </datafield>
  <datafield tag="035" ind1=" " ind2=" ">
    <subfield code="a">(OCoLC)ocm54846039</subfield>
  </datafield>
  <datafield tag="035" ind1=" " ind2=" ">
    <subfield code="f">OCLC</subfield>
  </datafield>
  <datafield tag="040" ind1=" " ind2=" ">
    <subfield code="a">RCE</subfield>
    <subfield code="c">RCE</subfield>
    <subfield code="d">AEU</subfield>
  </datafield>
  <datafield tag="041" ind1="0" ind2=" ">
    <subfield code="d">lat</subfield>
    <subfield code="e">eng</subfield>
    <subfield code="h">lat</subfield>
    <subfield code="g">eng</subfield>
  </datafield>
  <datafield tag="100" ind1="1" ind2=" ">
    <subfield code="a">Dufay, Guillaume,</subfield>
    <subfield code="d">d. 1474.</subfield>
  </datafield>
  <datafield tag="240" ind1="1" ind2="0">
    <subfield code="a">Missa Ave Regina Coelorum</subfield>
  </datafield>
  <datafield tag="245" ind1="1" ind2="0">
    <subfield code="a">Missa Ave Regina Celorum</subfield>
    <subfield code="h">[sound recording] /</subfield>
    <subfield code="c">Guillaume Dufay.</subfield>
  </datafield>
  <datafield tag="260" ind1=" " ind2=" ">
    <subfield code="a">Berkeley, CA :</subfield>
    <subfield code="b">Sanglier,</subfield>
    <subfield code="c">p2003.</subfield>
  </datafield>
  <datafield tag="300" ind1=" " ind2=" ">
    <subfield code="a">1 sound disc :</subfield>
    <subfield code="b">digital ;</subfield>
    <subfield code="c">4 3/4 in.</subfield>
  </datafield>
  <datafield tag="500" ind1=" " ind2=" ">
    <subfield code="a">Includes program notes and performers&apos; biographies and English translation of Latin text in booklet ([6] p.) inserted in container.</subfield>
  </datafield>
  <datafield tag="505" ind1="0" ind2=" ">
    <subfield code="a">Introitus: Salve sancta parens -- Kyrie -- Gloria -- Graduale: Benedicta et venerabilis es -- Credo -- Offertorium: Ave Maria -- Sanctus -- Agnus Dei -- Communio: Beata viscera Mariae virginis.</subfield>
  </datafield>
  <datafield tag="511" ind1="0" ind2=" ">
    <subfield code="a">Chamber Chorus of the University of California ; Marika Kuzma, conductor.</subfield>
  </datafield>
  <datafield tag="518" ind1=" " ind2=" ">
    <subfield code="a">Recorded at Hertz Hall, University of California, Berkeley.</subfield>
  </datafield>
  <datafield tag="650" ind1=" " ind2="0">
    <subfield code="a">Masses, Unaccompanied.</subfield>
  </datafield>
  <datafield tag="650" ind1=" " ind2="0">
    <subfield code="a">Gregorian chants.</subfield>
  </datafield>
  <datafield tag="700" ind1="1" ind2=" ">
    <subfield code="a">Kuzma, Marika.</subfield>
  </datafield>
  <datafield tag="710" ind1="2" ind2=" ">
    <subfield code="a">University of California, Berkeley.</subfield>
    <subfield code="b">Chamber Chorus.</subfield>
  </datafield>
  <datafield tag="596" ind1=" " ind2=" ">
    <subfield code="a">3</subfield>
  </datafield>
  <datafield tag="926" ind1=" " ind2=" ">
    <subfield code="a"></subfield>
  </datafield>
  <datafield tag="999" ind1=" " ind2=" ">
    <subfield code="a">6431</subfield>
    <subfield code="w">ALPHANUM</subfield>
    <subfield code="c">1</subfield>
    <subfield code="i">30011000016171</subfield>
    <subfield code="d">1/25/2007</subfield>
    <subfield code="e">1/17/2007</subfield>
    <subfield code="l">HUNT-AUDIO</subfield>
    <subfield code="m">BR3</subfield>
    <subfield code="n">1</subfield>
    <subfield code="r">Y</subfield>
    <subfield code="s">Y</subfield>
    <subfield code="t">SOUND</subfield>
    <subfield code="u">1/9/2006</subfield>
    <subfield code="x">COMPDISCS</subfield>
  </datafield>
</record>