
<record xmlns="http://www.loc.gov/MARC21/slim">
  <leader>00424cam a2200109   4500</leader>
  <controlfield tag="008">060901n                      000 0 eng u</controlfield>
  <datafield tag="035" ind1=" " ind2=" ">
    <subfield code="a">(Sirsi) a778693</subfield>
  </datafield>
  <datafield tag="100" ind1="1" ind2=" ">
    <subfield code="a">Day, R.A.</subfield>
  </datafield>
  <datafield tag="245" ind1=" " ind2=" ">
    <subfield code="a">&quot;How to Design Effective Tables&quot; by R.A. Day</subfield>
  </datafield>
  <datafield tag="500" ind1=" " ind2=" ">
    <subfield code="a">Excerpt from How to Write and Publish a Scientific Paper by R.A. Day</subfield>
  </datafield>
  <datafield tag="596" ind1=" " ind2=" ">
    <subfield code="a">12</subfield>
  </datafield>
  <datafield tag="999" ind1=" " ind2=" ">
    <subfield code="a">107.3.CBL HIRCW</subfield>
    <subfield code="w">NLM</subfield>
    <subfield code="c">1</subfield>
    <subfield code="i">30017000039352</subfield>
    <subfield code="d">10/9/2007</subfield>
    <subfield code="e">10/9/2007</subfield>
    <subfield code="l">RESERVES</subfield>
    <subfield code="m">SL1</subfield>
    <subfield code="n">3</subfield>
    <subfield code="r">Y</subfield>
    <subfield code="s">Y</subfield>
    <subfield code="t">UNKNOWN</subfield>
    <subfield code="u">1/9/2006</subfield>
  </datafield>
</record>