
<record xmlns="http://www.loc.gov/MARC21/slim">
  <leader>01195cjm a2200253   4500</leader>
  <controlfield tag="008">060901s2006    qcc                 eng u</controlfield>
  <datafield tag="035" ind1=" " ind2=" ">
    <subfield code="a">(Sirsi) a778694</subfield>
  </datafield>
  <datafield tag="100" ind1="1" ind2=" ">
    <subfield code="a">Jones, Oliver,</subfield>
    <subfield code="d">1934-</subfield>
  </datafield>
  <datafield tag="245" ind1="1" ind2="0">
    <subfield code="a">One more time</subfield>
    <subfield code="h">[sound recording] /</subfield>
    <subfield code="c">Oliver Jones</subfield>
  </datafield>
  <datafield tag="260" ind1=" " ind2=" ">
    <subfield code="a">Montréal, Qué. :</subfield>
    <subfield code="b">Justin Time Records,</subfield>
    <subfield code="c">2006</subfield>
  </datafield>
  <datafield tag="300" ind1=" " ind2=" ">
    <subfield code="a">1 sound disc (56:11) :</subfield>
    <subfield code="b">digital</subfield>
  </datafield>
  <datafield tag="306" ind1=" " ind2=" ">
    <subfield code="a">005611</subfield>
  </datafield>
  <datafield tag="500" ind1=" " ind2=" ">
    <subfield code="a">Just: 217-2.</subfield>
  </datafield>
  <datafield tag="505" ind1="0" ind2=" ">
    <subfield code="a">One more time (5:57) -- Dance again Diana (5:53) -- Good day MIss Lee (7:07) -- Ballad for a lonely man (5:09) -- Snowy bossa (4:35) -- Waltz for Debbie (7:55) -- Days of wine and roses (6:46) -- Body and soul (4:52) -- Something for Chuck (7:57).</subfield>
  </datafield>
  <datafield tag="511" ind1=" " ind2=" ">
    <subfield code="a">Oliver Jones, piano ; Dave Young, bass ; Jim Doxas, drums ; with guests Ingrid Jensen, trumpet ; Chet Doxas, tenor sax ; Dave Grott, trombone.</subfield>
  </datafield>
  <datafield tag="650" ind1=" " ind2="0">
    <subfield code="a">Piano music (Jazz)</subfield>
  </datafield>
  <datafield tag="650" ind1=" " ind2="0">
    <subfield code="a">Jazz</subfield>
    <subfield code="y">2001-2010</subfield>
  </datafield>
  <datafield tag="700" ind1="1" ind2=" ">
    <subfield code="a">Young, Dave.</subfield>
    <subfield code="4">prf.</subfield>
  </datafield>
  <datafield tag="700" ind1="1" ind2=" ">
    <subfield code="a">Doxas, Jim.</subfield>
    <subfield code="4">prf.</subfield>
  </datafield>
  <datafield tag="700" ind1="1" ind2=" ">
    <subfield code="a">Doxas, Chet.</subfield>
    <subfield code="4">prf.</subfield>
  </datafield>
  <datafield tag="700" ind1="1" ind2=" ">
    <subfield code="a">Jensen, Ingrid.</subfield>
    <subfield code="4">prf.</subfield>
  </datafield>
  <datafield tag="700" ind1="1" ind2=" ">
    <subfield code="a">Grott, Dave.</subfield>
    <subfield code="4">prf.</subfield>
  </datafield>
  <datafield tag="596" ind1=" " ind2=" ">
    <subfield code="a">3</subfield>
  </datafield>
  <datafield tag="999" ind1=" " ind2=" ">
    <subfield code="a">6426</subfield>
    <subfield code="w">ALPHANUM</subfield>
    <subfield code="c">1</subfield>
    <subfield code="i">30011000015447</subfield>
    <subfield code="d">9/26/2007</subfield>
    <subfield code="e">9/19/2007</subfield>
    <subfield code="l">HUNT-AUDIO</subfield>
    <subfield code="m">BR3</subfield>
    <subfield code="n">3</subfield>
    <subfield code="r">Y</subfield>
    <subfield code="s">Y</subfield>
    <subfield code="t">SOUND</subfield>
    <subfield code="u">1/9/2006</subfield>
    <subfield code="x">COMPDISCS</subfield>
  </datafield>
</record>