
<record xmlns="http://www.loc.gov/MARC21/slim">
  <leader>00917cam a2200217   4500</leader>
  <controlfield tag="008">060828n                      000 0 eng u</controlfield>
  <datafield tag="020" ind1=" " ind2=" ">
    <subfield code="a">0764595547</subfield>
  </datafield>
  <datafield tag="035" ind1=" " ind2=" ">
    <subfield code="a">(Sirsi) a778696</subfield>
  </datafield>
  <datafield tag="040" ind1=" " ind2=" ">
    <subfield code="a">FMG </subfield>
    <subfield code="c"> FMG </subfield>
    <subfield code="d"> MBB </subfield>
    <subfield code="d"> UKM </subfield>
    <subfield code="d"> DLC</subfield>
    <subfield code="d">CaOSULN</subfield>
  </datafield>
  <datafield tag="041" ind1=" " ind2=" ">
    <subfield code="a">eng</subfield>
  </datafield>
  <datafield tag="050" ind1=" " ind2=" ">
    <subfield code="a">RB155 </subfield>
    <subfield code="b"> .R66 2005</subfield>
  </datafield>
  <datafield tag="100" ind1="1" ind2=" ">
    <subfield code="a">Robinson, T. R. </subfield>
    <subfield code="q"> (Tara Rodden)</subfield>
  </datafield>
  <datafield tag="245" ind1=" " ind2=" ">
    <subfield code="a">Genetics for dummies / </subfield>
    <subfield code="c"> by Tara Rodden Robinson.</subfield>
  </datafield>
  <datafield tag="260" ind1=" " ind2=" ">
    <subfield code="a">Hoboken, N.J. : </subfield>
    <subfield code="b"> Wiley </subfield>
    <subfield code="c"> c2005.</subfield>
  </datafield>
  <datafield tag="300" ind1=" " ind2=" ">
    <subfield code="a">xviii, 364 p. : </subfield>
    <subfield code="b"> ill. ; </subfield>
    <subfield code="c"> 24 cm.</subfield>
  </datafield>
  <datafield tag="500" ind1=" " ind2=" ">
    <subfield code="a">Includes index.</subfield>
  </datafield>
  <datafield tag="650" ind1=" " ind2=" ">
    <subfield code="a">Medical genetics </subfield>
    <subfield code="v"> Handbooks, manuals, etc.</subfield>
  </datafield>
  <datafield tag="650" ind1=" " ind2=" ">
    <subfield code="a">Human genetics </subfield>
    <subfield code="v"> Handbooks, manuals, etc.</subfield>
  </datafield>
  <datafield tag="596" ind1=" " ind2=" ">
    <subfield code="a">12</subfield>
  </datafield>
  <datafield tag="999" ind1=" " ind2=" ">
    <subfield code="a">QZ 50 R635g 2005 HIRCW</subfield>
    <subfield code="w">NLM</subfield>
    <subfield code="c">1</subfield>
    <subfield code="i">30017000042109</subfield>
    <subfield code="d">8/27/2007</subfield>
    <subfield code="e">7/3/2007</subfield>
    <subfield code="k">RESERVES</subfield>
    <subfield code="l">HIRCW-CIRC</subfield>
    <subfield code="m">SL1</subfield>
    <subfield code="n">1</subfield>
    <subfield code="r">Y</subfield>
    <subfield code="s">Y</subfield>
    <subfield code="t">BOOKS</subfield>
    <subfield code="u">1/9/2006</subfield>
  </datafield>
  <datafield tag="999" ind1=" " ind2=" ">
    <subfield code="a">QZ 50 R635g 2005 HIRCW</subfield>
    <subfield code="w">NLM</subfield>
    <subfield code="c">2</subfield>
    <subfield code="i">30017000042232</subfield>
    <subfield code="d">8/28/2007</subfield>
    <subfield code="e">8/13/2007</subfield>
    <subfield code="k">RESERVES</subfield>
    <subfield code="l">HIRCW-CIRC</subfield>
    <subfield code="m">SL1</subfield>
    <subfield code="n">4</subfield>
    <subfield code="r">Y</subfield>
    <subfield code="s">Y</subfield>
    <subfield code="t">BOOKS</subfield>
    <subfield code="u">6/9/2006</subfield>
  </datafield>
</record>