
<record xmlns="http://www.loc.gov/MARC21/slim">
  <leader>01311cas a2200277 a 4500</leader>
  <controlfield tag="001">000028398265</controlfield>
  <controlfield tag="008">031027c20029999oncar4       f0   b0fre  </controlfield>
  <datafield tag="022" ind1="0" ind2=" ">
    <subfield code="a">1709-5735</subfield>
  </datafield>
  <datafield tag="035" ind1=" " ind2=" ">
    <subfield code="a">(Sirsi) a778700</subfield>
  </datafield>
  <datafield tag="245" ind1="1" ind2="0">
    <subfield code="a">Revue annuelle /</subfield>
    <subfield code="c">Secteur des sciences de la terre.</subfield>
  </datafield>
  <datafield tag="246" ind1="1" ind2="2">
    <subfield code="a">Secteur des sciences de la terre revue annuelle</subfield>
  </datafield>
  <datafield tag="260" ind1=" " ind2=" ">
    <subfield code="a">[Ottawa, Ont.] :</subfield>
    <subfield code="b">Ressources naturelles Canada, Secteur des sciences de la terre,</subfield>
    <subfield code="c">[2002]-</subfield>
  </datafield>
  <datafield tag="300" ind1=" " ind2=" ">
    <subfield code="a">v. :</subfield>
    <subfield code="b">ill.</subfield>
  </datafield>
  <datafield tag="310" ind1=" " ind2=" ">
    <subfield code="a">Annuel</subfield>
  </datafield>
  <datafield tag="599" ind1=" " ind2=" ">
    <subfield code="a">1</subfield>
    <subfield code="b">2004/2005;</subfield>
  </datafield>
  <datafield tag="349" ind1=" " ind2=" ">
    <subfield code="a">Depository Services Canada/Services de dépôt</subfield>
  </datafield>
  <datafield tag="362" ind1="0" ind2=" ">
    <subfield code="a">2001/2002-</subfield>
  </datafield>
  <datafield tag="546" ind1=" " ind2=" ">
    <subfield code="a">Publié aussi en anglais sous le titre: Annual review, Earth sciences sector</subfield>
  </datafield>
  <datafield tag="610" ind1="1" ind2="6">
    <subfield code="a">Canada.</subfield>
    <subfield code="b">Secteur des sciences de la terre</subfield>
    <subfield code="v">Périodiques.</subfield>
  </datafield>
  <datafield tag="650" ind1=" " ind2="6">
    <subfield code="a">Sciences de la terre</subfield>
    <subfield code="z">Canada</subfield>
    <subfield code="v">Périodiques.</subfield>
  </datafield>
  <datafield tag="650" ind1=" " ind2="6">
    <subfield code="a">Géologie</subfield>
    <subfield code="z">Canada</subfield>
    <subfield code="v">Périodiques.</subfield>
  </datafield>
  <datafield tag="710" ind1="1" ind2=" ">
    <subfield code="a">Canada.</subfield>
    <subfield code="b">Secteur des sciences de la terre.</subfield>
  </datafield>
  <datafield tag="780" ind1="0" ind2="5">
    <subfield code="a">Commission géologique du Canada.</subfield>
    <subfield code="t">Commission géologique du Canada.</subfield>
    <subfield code="d">Ottawa : Commission géologique du Canada, c1987-[2000]</subfield>
    <subfield code="x">1189-9514</subfield>
  </datafield>
  <datafield tag="780" ind1="0" ind2="5">
    <subfield code="a">Géomatique Canada.</subfield>
    <subfield code="t">Géomatique Canada.</subfield>
    <subfield code="d">Ottawa : Ressources naturelles Canada, c1996-[2001]</subfield>
    <subfield code="x">1491-5499</subfield>
  </datafield>
  <datafield tag="596" ind1=" " ind2=" ">
    <subfield code="a">1</subfield>
  </datafield>
  <datafield tag="999" ind1=" " ind2=" ">
    <subfield code="a">QE 48 C2 E3714 Per.</subfield>
    <subfield code="w">LC</subfield>
    <subfield code="c">1</subfield>
    <subfield code="i">778700-1001</subfield>
    <subfield code="l">DESM-PER</subfield>
    <subfield code="m">BR1</subfield>
    <subfield code="r">Y</subfield>
    <subfield code="s">Y</subfield>
    <subfield code="t">PERIODICAL</subfield>
    <subfield code="u">1/9/2006</subfield>
    <subfield code="x">DEPOSIT</subfield>
  </datafield>
</record>
<record xmlns="http://www.loc.gov/MARC21/slim">
  <leader>00383cy  a22001214  4500</leader>
  <controlfield tag="001">42953</controlfield>
  <controlfield tag="008">060901                eng 060907        </controlfield>
  <datafield tag="035" ind1=" " ind2=" ">
    <subfield code="a">(Sirsi) a778700</subfield>
  </datafield>
  <datafield tag="852" ind1=" " ind2=" ">
    <subfield code="b">BR1</subfield>
    <subfield code="c">DESM-PER</subfield>
    <subfield code="h">QE 48 C2 E3714 Per.</subfield>
  </datafield>
  <datafield tag="853" ind1="2" ind2=" ">
    <subfield code="8">1</subfield>
    <subfield code="a">(year)</subfield>
  </datafield>
  <datafield tag="866" ind1=" " ind2=" ">
    <subfield code="a">2001-2002</subfield>
  </datafield>
  <datafield tag="863" ind1=" " ind2="1">
    <subfield code="8">1.1</subfield>
    <subfield code="a">2004/2005</subfield>
  </datafield>
  <datafield tag="999" ind1=" " ind2=" ">
    <subfield code="a">QE 48 C2 E3714 Per.</subfield>
    <subfield code="w">LC</subfield>
    <subfield code="c">1</subfield>
    <subfield code="i">778700-1001</subfield>
    <subfield code="l">DESM-PER</subfield>
    <subfield code="m">BR1</subfield>
    <subfield code="r">Y</subfield>
    <subfield code="s">Y</subfield>
    <subfield code="t">PERIODICAL</subfield>
    <subfield code="u">1/9/2006</subfield>
    <subfield code="x">DEPOSIT</subfield>
  </datafield>
</record>