
<record xmlns="http://www.loc.gov/MARC21/slim">
  <leader>00953cas a22002414a 4500</leader>
  <controlfield tag="001">000031316865</controlfield>
  <controlfield tag="008">050615c20059999onc x4       f0   a0eng  </controlfield>
  <datafield tag="022" ind1="0" ind2=" ">
    <subfield code="a">1715-1791</subfield>
    <subfield code="y">1715-1813</subfield>
  </datafield>
  <datafield tag="035" ind1=" " ind2=" ">
    <subfield code="a">(Sirsi) a778707</subfield>
  </datafield>
  <datafield tag="043" ind1=" " ind2=" ">
    <subfield code="a">n-cn---</subfield>
    <subfield code="a">n-us---</subfield>
  </datafield>
  <datafield tag="090" ind1=" " ind2=" ">
    <subfield code="a">GOV1-1.1 CAN H 113-22 YEAR-No.</subfield>
  </datafield>
  <datafield tag="245" ind1="0" ind2="0">
    <subfield code="a">Update on reduced-risk pesticides in Canada.</subfield>
  </datafield>
  <datafield tag="260" ind1=" " ind2=" ">
    <subfield code="a">[Ottawa] :</subfield>
    <subfield code="b">Pest Management Regulatory Agency,</subfield>
    <subfield code="c">c2005-</subfield>
  </datafield>
  <datafield tag="300" ind1=" " ind2=" ">
    <subfield code="a">v. ;</subfield>
    <subfield code="c">28 cm.</subfield>
  </datafield>
  <datafield tag="310" ind1=" " ind2=" ">
    <subfield code="a">Irregular</subfield>
  </datafield>
  <datafield tag="362" ind1="0" ind2=" ">
    <subfield code="a">RR2005-01 (13 May 2005)-</subfield>
  </datafield>
  <datafield tag="440" ind1=" " ind2="0">
    <subfield code="a">Reduced-risk update</subfield>
  </datafield>
  <datafield tag="650" ind1=" " ind2="0">
    <subfield code="a">Pesticides</subfield>
    <subfield code="z">Canada</subfield>
    <subfield code="v">Registers.</subfield>
  </datafield>
  <datafield tag="650" ind1=" " ind2="0">
    <subfield code="a">Pesticides</subfield>
    <subfield code="z">United States</subfield>
    <subfield code="v">Registers.</subfield>
  </datafield>
  <datafield tag="710" ind1="1" ind2=" ">
    <subfield code="a">Canada.</subfield>
    <subfield code="b">Pest Management Regulatory Agency.</subfield>
    <subfield code="b">Alternative Strategies and Regulatory Affairs Division.</subfield>
  </datafield>
  <datafield tag="856" ind1="4" ind2="1">
    <subfield code="z">Electronic access</subfield>
    <subfield code="u">http://www.pmra-arla.gc.ca/english/pubs/rr-e.html</subfield>
  </datafield>
  <datafield tag="596" ind1=" " ind2=" ">
    <subfield code="a">6</subfield>
  </datafield>
  <datafield tag="999" ind1=" " ind2=" ">
    <subfield code="a">GOV1-1.1 CAN H 113-22 YEAR-No.</subfield>
    <subfield code="w">LC</subfield>
    <subfield code="c">1</subfield>
    <subfield code="i">31520001008861</subfield>
    <subfield code="l">ALGO-DOC</subfield>
    <subfield code="m">BR4</subfield>
    <subfield code="r">N</subfield>
    <subfield code="s">Y</subfield>
    <subfield code="t">DOCUMENTS</subfield>
    <subfield code="u">1/9/2006</subfield>
  </datafield>
</record>