
<record xmlns="http://www.loc.gov/MARC21/slim">
  <leader>00307cam a2200085   4500</leader>
  <controlfield tag="008">060901n                      000 0 eng u</controlfield>
  <datafield tag="035" ind1=" " ind2=" ">
    <subfield code="a">(Sirsi) a778712</subfield>
  </datafield>
  <datafield tag="245" ind1=" " ind2=" ">
    <subfield code="a">Computer music no. 104 Sept. 2006</subfield>
  </datafield>
  <datafield tag="596" ind1=" " ind2=" ">
    <subfield code="a">3</subfield>
  </datafield>
  <datafield tag="999" ind1=" " ind2=" ">
    <subfield code="a">XX(778712.1)</subfield>
    <subfield code="w">AUTO</subfield>
    <subfield code="c">1</subfield>
    <subfield code="i">30011000015405</subfield>
    <subfield code="d">1/22/2007</subfield>
    <subfield code="e">1/9/2006</subfield>
    <subfield code="l">HUNT-PER</subfield>
    <subfield code="m">BR3</subfield>
    <subfield code="n">1</subfield>
    <subfield code="r">Y</subfield>
    <subfield code="s">Y</subfield>
    <subfield code="t">PERIODICAL</subfield>
    <subfield code="u">1/9/2006</subfield>
  </datafield>
</record>