
<record xmlns="http://www.loc.gov/MARC21/slim">
  <leader>01036cam a22002894a 4500</leader>
  <controlfield tag="001">1192714</controlfield>
  <controlfield tag="005">20041121083510.0</controlfield>
  <controlfield tag="008">030528s1994    nyua     b    001 0 eng  </controlfield>
  <datafield tag="020" ind1=" " ind2=" ">
    <subfield code="a">0838505600</subfield>
  </datafield>
  <datafield tag="035" ind1=" " ind2=" ">
    <subfield code="a">(Sirsi) a778713</subfield>
  </datafield>
  <datafield tag="040" ind1=" " ind2=" ">
    <subfield code="a">UKM</subfield>
    <subfield code="c">UKM</subfield>
    <subfield code="d">COU</subfield>
    <subfield code="d">CaOSULN</subfield>
  </datafield>
  <datafield tag="041" ind1="0" ind2="9">
    <subfield code="a">eng</subfield>
  </datafield>
  <datafield tag="060" ind1="0" ind2="0">
    <subfield code="a">WK 102 B311 1994</subfield>
  </datafield>
  <datafield tag="245" ind1="0" ind2="0">
    <subfield code="a">Basic &amp; clinical endocrinology /</subfield>
    <subfield code="c">edited by Francis S. Greenspan, John D. Baxter.</subfield>
  </datafield>
  <datafield tag="246" ind1="3" ind2=" ">
    <subfield code="a">Basic and clinical endocrinology</subfield>
  </datafield>
  <datafield tag="250" ind1=" " ind2=" ">
    <subfield code="a">4th ed.</subfield>
  </datafield>
  <datafield tag="260" ind1=" " ind2=" ">
    <subfield code="a">East Norwalk, Connecticut :</subfield>
    <subfield code="b">Appleton &amp; Lange,</subfield>
    <subfield code="c">c1994.</subfield>
  </datafield>
  <datafield tag="300" ind1=" " ind2=" ">
    <subfield code="a">xv, 811 p. :</subfield>
    <subfield code="b">ill. ;</subfield>
    <subfield code="c">24 cm.</subfield>
  </datafield>
  <datafield tag="500" ind1=" " ind2=" ">
    <subfield code="a">&quot;A Lange medical book.&quot;</subfield>
  </datafield>
  <datafield tag="504" ind1=" " ind2=" ">
    <subfield code="a">Includes bibliographical references and index.</subfield>
  </datafield>
  <datafield tag="650" ind1="1" ind2="2">
    <subfield code="a">Endocrine Glands</subfield>
    <subfield code="x">physiology</subfield>
  </datafield>
  <datafield tag="650" ind1="2" ind2="2">
    <subfield code="a">Endocrine System Diseases</subfield>
  </datafield>
  <datafield tag="650" ind1="2" ind2="2">
    <subfield code="a">Hormones</subfield>
    <subfield code="x">physiology</subfield>
  </datafield>
  <datafield tag="700" ind1="1" ind2=" ">
    <subfield code="a">Greenspan, Francis S.</subfield>
    <subfield code="q">(Francis Sorrel),</subfield>
    <subfield code="d">1920-</subfield>
  </datafield>
  <datafield tag="700" ind1="1" ind2=" ">
    <subfield code="a">Baxter, John D.</subfield>
  </datafield>
  <datafield tag="596" ind1=" " ind2=" ">
    <subfield code="a">12</subfield>
  </datafield>
  <datafield tag="999" ind1=" " ind2=" ">
    <subfield code="a">WK 102 B311 1994 HIRCW</subfield>
    <subfield code="w">NLM</subfield>
    <subfield code="c">1</subfield>
    <subfield code="i">30017000042570</subfield>
    <subfield code="d">4/16/2007</subfield>
    <subfield code="e">4/4/2007</subfield>
    <subfield code="l">HIRCW-CIRC</subfield>
    <subfield code="m">SL1</subfield>
    <subfield code="n">3</subfield>
    <subfield code="r">Y</subfield>
    <subfield code="s">Y</subfield>
    <subfield code="t">BOOKS</subfield>
    <subfield code="u">1/9/2006</subfield>
  </datafield>
</record>