
<record xmlns="http://www.loc.gov/MARC21/slim">
  <leader>01169cam a2200193   4500</leader>
  <controlfield tag="008">060803s2002    onc           000 0 fre u</controlfield>
  <datafield tag="035" ind1=" " ind2=" ">
    <subfield code="a">(Sirsi) a778734</subfield>
  </datafield>
  <datafield tag="100" ind1="1" ind2=" ">
    <subfield code="a">Ontario.</subfield>
    <subfield code=" ">Écoles secondaires catholiques de langue française</subfield>
  </datafield>
  <datafield tag="245" ind1="1" ind2="0">
    <subfield code="a">Esquisse de cours 12e année :</subfield>
    <subfield code="b">chimie sch4 cours préuniversitaire /</subfield>
    <subfield code="c">Écoles secondaires catholiques de langue française de l&apos;Ontario</subfield>
  </datafield>
  <datafield tag="246" ind1=" " ind2=" ">
    <subfield code="a">Esquisse de cours douzième année</subfield>
  </datafield>
  <datafield tag="260" ind1=" " ind2=" ">
    <subfield code="a">Vanier, Ont :</subfield>
    <subfield code="b">CFORP,</subfield>
    <subfield code="c">2002</subfield>
  </datafield>
  <datafield tag="300" ind1=" " ind2=" ">
    <subfield code="a">174 p.</subfield>
  </datafield>
  <datafield tag="650" ind1=" " ind2="6">
    <subfield code="a">Cinétique chimique et thermochimie (Douzième) </subfield>
    <subfield code="x">Étude et enseignement </subfield>
    <subfield code="z">Ontario </subfield>
    <subfield code="x">Programmes d&apos;études</subfield>
  </datafield>
  <datafield tag="650" ind1=" " ind2="6">
    <subfield code="a">Chimie organique (Douzième) </subfield>
    <subfield code="x">Étude et enseignement </subfield>
    <subfield code="z">Ontario </subfield>
    <subfield code="x">Programmes d&apos;études</subfield>
  </datafield>
  <datafield tag="650" ind1=" " ind2="6">
    <subfield code="a">Électrochimie (Douzième) </subfield>
    <subfield code="x">Étude et enseignement </subfield>
    <subfield code="z">Ontario </subfield>
    <subfield code="x">Programmes d&apos;études</subfield>
  </datafield>
  <datafield tag="650" ind1=" " ind2="6">
    <subfield code="a">Systèmes chimiques et équilibre (Douzième) </subfield>
    <subfield code="x">Étude et enseignement </subfield>
    <subfield code="z">Ontario </subfield>
    <subfield code="x">Programmes d&apos;études</subfield>
  </datafield>
  <datafield tag="650" ind1=" " ind2="6">
    <subfield code="a">Structures et propriétés (Douzième) </subfield>
    <subfield code="x">Étude et enseignement </subfield>
    <subfield code="z">Ontario </subfield>
    <subfield code="x">Programmes d&apos;études</subfield>
  </datafield>
  <datafield tag="596" ind1=" " ind2=" ">
    <subfield code="a">10</subfield>
  </datafield>
  <datafield tag="999" ind1=" " ind2=" ">
    <subfield code="a">aides/12 ÉSCLFO Chimie préuniversitair</subfield>
    <subfield code="w">ALPHANUM</subfield>
    <subfield code="c">1</subfield>
    <subfield code="i">30009000020128</subfield>
    <subfield code="l">EDUC-REF</subfield>
    <subfield code="m">BR2</subfield>
    <subfield code="r">N</subfield>
    <subfield code="s">Y</subfield>
    <subfield code="t">BOOKS</subfield>
    <subfield code="u">5/9/2006</subfield>
  </datafield>
</record>