
<record xmlns="http://www.loc.gov/MARC21/slim">
  <leader>01322cam a2200205   4500</leader>
  <controlfield tag="008">060803s2002    onc           000 0 fre u</controlfield>
  <datafield tag="035" ind1=" " ind2=" ">
    <subfield code="a">(Sirsi) a778739</subfield>
  </datafield>
  <datafield tag="100" ind1="1" ind2=" ">
    <subfield code="a">Ontario.</subfield>
    <subfield code=" ">Écoles secondaires publiques et catholiques de langue française</subfield>
  </datafield>
  <datafield tag="245" ind1="1" ind2="0">
    <subfield code="a">Esquisse de cours 12e année :</subfield>
    <subfield code="b">langues internationales lbado- lyxdo cours ouvert /</subfield>
    <subfield code="c">Écoles secondaires publiques et catholiques de langue française de l&apos;Ontario</subfield>
  </datafield>
  <datafield tag="246" ind1=" " ind2=" ">
    <subfield code="a">Esquisse de cours douzième année</subfield>
  </datafield>
  <datafield tag="260" ind1=" " ind2=" ">
    <subfield code="a">Vanier, Ont :</subfield>
    <subfield code="b">CFORP,</subfield>
    <subfield code="c">2002</subfield>
  </datafield>
  <datafield tag="300" ind1=" " ind2=" ">
    <subfield code="a">56 p.</subfield>
  </datafield>
  <datafield tag="650" ind1=" " ind2="6">
    <subfield code="a">Du vécu à ce qui est anticipé (Douzième) </subfield>
    <subfield code="x">Étude et enseignement </subfield>
    <subfield code="z">Ontario </subfield>
    <subfield code="x">Programmes d&apos;études</subfield>
  </datafield>
  <datafield tag="650" ind1=" " ind2="6">
    <subfield code="a">Par la force des images (Douzième) </subfield>
    <subfield code="x">Étude et enseignement </subfield>
    <subfield code="z">Ontario </subfield>
    <subfield code="x">Programmes d&apos;études</subfield>
  </datafield>
  <datafield tag="650" ind1=" " ind2="6">
    <subfield code="a">Sur la flèche de mon avenir (Douzième) </subfield>
    <subfield code="x">Étude et enseignement </subfield>
    <subfield code="z">Ontario </subfield>
    <subfield code="x">Programmes d&apos;études</subfield>
  </datafield>
  <datafield tag="650" ind1=" " ind2="6">
    <subfield code="a">Sur les planches de l&apos;action (Douzième) </subfield>
    <subfield code="x">Étude et enseignement </subfield>
    <subfield code="z">Ontario </subfield>
    <subfield code="x">Programmes d&apos;études</subfield>
  </datafield>
  <datafield tag="650" ind1=" " ind2="6">
    <subfield code="a">Promenade avec les muses (Douzième) </subfield>
    <subfield code="x">Étude et enseignement </subfield>
    <subfield code="z">Ontario </subfield>
    <subfield code="x">Programmes d&apos;études</subfield>
  </datafield>
  <datafield tag="650" ind1=" " ind2="6">
    <subfield code="a">Mots en métamorphose (Douzième) </subfield>
    <subfield code="x">Étude et enseignement </subfield>
    <subfield code="z">Ontario </subfield>
    <subfield code="x">Programmes d&apos;études</subfield>
  </datafield>
  <datafield tag="596" ind1=" " ind2=" ">
    <subfield code="a">10</subfield>
  </datafield>
  <datafield tag="999" ind1=" " ind2=" ">
    <subfield code="a">aides/12 ÉSPCLFO Lang inter ouvert</subfield>
    <subfield code="w">ALPHANUM</subfield>
    <subfield code="c">1</subfield>
    <subfield code="i">30009000019880</subfield>
    <subfield code="l">EDUC-REF</subfield>
    <subfield code="m">BR2</subfield>
    <subfield code="r">N</subfield>
    <subfield code="s">Y</subfield>
    <subfield code="t">BOOKS</subfield>
    <subfield code="u">5/9/2006</subfield>
  </datafield>
</record>