
<record xmlns="http://www.loc.gov/MARC21/slim">
  <leader>01654cam a2200325 a 4500</leader>
  <controlfield tag="001">  20ocm03615127</controlfield>
  <controlfield tag="003">DLC</controlfield>
  <controlfield tag="005">20051213000000.0</controlfield>
  <controlfield tag="008">030108s2002    onc      b    001 0 eng  </controlfield>
  <datafield tag="010" ind1=" " ind2=" ">
    <subfield code="a">2003615127</subfield>
  </datafield>
  <datafield tag="035" ind1=" " ind2=" ">
    <subfield code="a">(Sirsi) a778751</subfield>
  </datafield>
  <datafield tag="050" ind1="0" ind2="0">
    <subfield code="a">JC329.5</subfield>
    <subfield code="b">.S74 2002</subfield>
  </datafield>
  <datafield tag="099" ind1=" " ind2=" ">
    <subfield code="a">JC 329.5 .S74 2002</subfield>
  </datafield>
  <datafield tag="100" ind1="1" ind2=" ">
    <subfield code="a">Stein, Janice Gross.</subfield>
  </datafield>
  <datafield tag="245" ind1="1" ind2="4">
    <subfield code="a">The cult of efficiency /</subfield>
    <subfield code="c">Janice Gross Stein.</subfield>
  </datafield>
  <datafield tag="250" ind1=" " ind2=" ">
    <subfield code="a">Rev. ed.</subfield>
  </datafield>
  <datafield tag="260" ind1=" " ind2=" ">
    <subfield code="a">Toronto :</subfield>
    <subfield code="b">Anansi,</subfield>
    <subfield code="c">2002.</subfield>
  </datafield>
  <datafield tag="300" ind1=" " ind2=" ">
    <subfield code="a">xvi, 307 p. ;</subfield>
    <subfield code="c">21 cm.</subfield>
  </datafield>
  <datafield tag="440" ind1=" " ind2="4">
    <subfield code="a">The Massey lectures series.</subfield>
  </datafield>
  <datafield tag="504" ind1=" " ind2=" ">
    <subfield code="a">Includes bibliographical references (p. [285]-301) and index.</subfield>
  </datafield>
  <datafield tag="520" ind1=" " ind2=" ">
    <subfield code="a">The language of efficiency infuses nearly every aspect of discussions of public policy and public goods. Examining the use of the term in debates over public health and education policy in North America, Stine (political science, U. of Toronto, Canada) argues that the promotion of efficiency often masks a variety of political agendas, often attacking the state. She suggests that efficiency needs to be understood in the context of increasing calls for choice and accountability in affluent postindustrial society. Distributed by Paul &amp; Co., a division of IPG. Annotation (c)2003 Book News, Inc., Portland, OR (booknews.com)</subfield>
  </datafield>
  <datafield tag="650" ind1=" " ind2="0">
    <subfield code="a">Political obligation.</subfield>
  </datafield>
  <datafield tag="650" ind1=" " ind2="0">
    <subfield code="a">Political participation.</subfield>
  </datafield>
  <datafield tag="650" ind1=" " ind2="0">
    <subfield code="a">Government productivity.</subfield>
  </datafield>
  <datafield tag="650" ind1=" " ind2="0">
    <subfield code="a">Educational accountability.</subfield>
  </datafield>
  <datafield tag="650" ind1=" " ind2="0">
    <subfield code="a">Public health administration.</subfield>
  </datafield>
  <datafield tag="650" ind1=" " ind2="0">
    <subfield code="a">Responsibility.</subfield>
  </datafield>
  <datafield tag="650" ind1=" " ind2="0">
    <subfield code="a">Educational responsibility.</subfield>
  </datafield>
  <datafield tag="596" ind1=" " ind2=" ">
    <subfield code="a">27</subfield>
  </datafield>
  <datafield tag="999" ind1=" " ind2=" ">
    <subfield code="a">JC329.5 .S74 2002</subfield>
    <subfield code="w">LC</subfield>
    <subfield code="c">1</subfield>
    <subfield code="i">30007007380404</subfield>
    <subfield code="l">SL1L-CIR</subfield>
    <subfield code="m">SL1</subfield>
    <subfield code="r">Y</subfield>
    <subfield code="s">Y</subfield>
    <subfield code="t">BOOKS</subfield>
    <subfield code="u">5/9/2006</subfield>
  </datafield>
</record>