
<record xmlns="http://www.loc.gov/MARC21/slim">
  <leader>00801nam a22002417  4500</leader>
  <controlfield tag="001">11-0005933</controlfield>
  <controlfield tag="005">20000816082616.0</controlfield>
  <controlfield tag="008">060905s1995    quca          000 0 fre u</controlfield>
  <datafield tag="020" ind1=" " ind2=" ">
    <subfield code="a">2761711424</subfield>
  </datafield>
  <datafield tag="035" ind1=" " ind2=" ">
    <subfield code="a">(Sirsi) a778753</subfield>
  </datafield>
  <datafield tag="100" ind1=" " ind2=" ">
    <subfield code="a">Valiquette, Josée</subfield>
  </datafield>
  <datafield tag="245" ind1=" " ind2=" ">
    <subfield code="a">Les mots en liberté : livre 2 / Josée Valiquette</subfield>
  </datafield>
  <datafield tag="260" ind1=" " ind2=" ">
    <subfield code="a">Anjou, Qué. : Centre éducatif et culturel,</subfield>
    <subfield code="c">1995</subfield>
  </datafield>
  <datafield tag="300" ind1=" " ind2=" ">
    <subfield code="a">220 p.</subfield>
  </datafield>
  <datafield tag="490" ind1=" " ind2=" ">
    <subfield code="a">collection : &quot;La clé des mots&quot;</subfield>
  </datafield>
  <datafield tag="500" ind1=" " ind2=" ">
    <subfield code="a">6e à 8e année</subfield>
  </datafield>
  <datafield tag="659" ind1=" " ind2=" ">
    <subfield code="a">f0008</subfield>
  </datafield>
  <datafield tag="659" ind1=" " ind2=" ">
    <subfield code="a">gl</subfield>
  </datafield>
  <datafield tag="700" ind1=" " ind2=" ">
    <subfield code="a">Valiquette, Josée</subfield>
  </datafield>
  <datafield tag="700" ind1=" " ind2=" ">
    <subfield code="a">Major, Henriette</subfield>
  </datafield>
  <datafield tag="949" ind1=" " ind2=" ">
    <subfield code="a">FRA 6.8 VAL MAJ L.2</subfield>
    <subfield code="w">ALPHANUM</subfield>
    <subfield code="i">30007005690184</subfield>
    <subfield code="r">Y</subfield>
    <subfield code="t">BOOKS</subfield>
    <subfield code="l">EDUC-CIRC</subfield>
    <subfield code="m">BR2</subfield>
  </datafield>
  <datafield tag="596" ind1=" " ind2=" ">
    <subfield code="a">10</subfield>
  </datafield>
  <datafield tag="999" ind1=" " ind2=" ">
    <subfield code="a">Français 6 VAL livre 2 c.2</subfield>
    <subfield code="w">ALPHANUM</subfield>
    <subfield code="c">1</subfield>
    <subfield code="i">30009000019989</subfield>
    <subfield code="l">EDUC-REF</subfield>
    <subfield code="m">BR2</subfield>
    <subfield code="r">N</subfield>
    <subfield code="s">Y</subfield>
    <subfield code="t">BOOKS</subfield>
    <subfield code="u">5/9/2006</subfield>
  </datafield>
</record>