
<record xmlns="http://www.loc.gov/MARC21/slim">
  <leader>00502cam a2200109   4500</leader>
  <controlfield tag="008">060905n                      000 0 eng u</controlfield>
  <datafield tag="035" ind1=" " ind2=" ">
    <subfield code="a">(Sirsi) a778763</subfield>
  </datafield>
  <datafield tag="100" ind1="1" ind2=" ">
    <subfield code="a">Robert, M.</subfield>
  </datafield>
  <datafield tag="245" ind1=" " ind2=" ">
    <subfield code="a">&quot;SOGC Clinical Practice Guideline: Choice of Surgery for Stress Incontinence&quot; by Magali Robert and Scott A. Farrell</subfield>
  </datafield>
  <datafield tag="500" ind1=" " ind2=" ">
    <subfield code="a">Society of Obstetricians and Gynecologists of Canada, No. 166, October 2005.</subfield>
  </datafield>
  <datafield tag="596" ind1=" " ind2=" ">
    <subfield code="a">12</subfield>
  </datafield>
  <datafield tag="999" ind1=" " ind2=" ">
    <subfield code="a">107.9.CBL HIRCE</subfield>
    <subfield code="w">NLM</subfield>
    <subfield code="c">1</subfield>
    <subfield code="i">30017000050490</subfield>
    <subfield code="d">1/3/2007</subfield>
    <subfield code="e">1/3/2007</subfield>
    <subfield code="l">RESERVES</subfield>
    <subfield code="m">SL1</subfield>
    <subfield code="n">3</subfield>
    <subfield code="r">Y</subfield>
    <subfield code="s">Y</subfield>
    <subfield code="t">UNKNOWN</subfield>
    <subfield code="u">5/9/2006</subfield>
  </datafield>
</record>