
<record xmlns="http://www.loc.gov/MARC21/slim">
  <leader>00482cam a2200109   4500</leader>
  <controlfield tag="008">060905n                      000 0 eng u</controlfield>
  <datafield tag="035" ind1=" " ind2=" ">
    <subfield code="a">(Sirsi) a778764</subfield>
  </datafield>
  <datafield tag="100" ind1="1" ind2=" ">
    <subfield code="a">Davis, V.</subfield>
  </datafield>
  <datafield tag="245" ind1=" " ind2=" ">
    <subfield code="a">&quot;SOGC Clinical Practice Guidelines: Lesbian Health Guidelines&quot; by Victoria Davis</subfield>
  </datafield>
  <datafield tag="500" ind1=" " ind2=" ">
    <subfield code="a">Society of Obstetricians and Gynecologists of Canada Policy Statement, no. 87, March 2000.</subfield>
  </datafield>
  <datafield tag="596" ind1=" " ind2=" ">
    <subfield code="a">12</subfield>
  </datafield>
  <datafield tag="999" ind1=" " ind2=" ">
    <subfield code="a">107.2.SCS HIRCE</subfield>
    <subfield code="w">NLM</subfield>
    <subfield code="c">1</subfield>
    <subfield code="i">30017000051001</subfield>
    <subfield code="d">4/12/2006</subfield>
    <subfield code="e">4/12/2006</subfield>
    <subfield code="l">RESERVES</subfield>
    <subfield code="m">SL1</subfield>
    <subfield code="n">1</subfield>
    <subfield code="r">Y</subfield>
    <subfield code="s">Y</subfield>
    <subfield code="t">UNKNOWN</subfield>
    <subfield code="u">5/9/2006</subfield>
  </datafield>
</record>