
<record xmlns="http://www.loc.gov/MARC21/slim">
  <leader>00522cam a2200109   4500</leader>
  <controlfield tag="008">060815n                      000 0 eng u</controlfield>
  <datafield tag="035" ind1=" " ind2=" ">
    <subfield code="a">(Sirsi) a778765</subfield>
  </datafield>
  <datafield tag="100" ind1="1" ind2=" ">
    <subfield code="a">Society of Obstetricians and Gynaecologists of Canada</subfield>
  </datafield>
  <datafield tag="245" ind1=" " ind2=" ">
    <subfield code="a">&quot;Attendance at Labour and Delivery - Guidelines for Obstetrical Care&quot; by the Society of Obstetricians and Gynaecologists of Canada</subfield>
  </datafield>
  <datafield tag="500" ind1=" " ind2=" ">
    <subfield code="a">SOGC Policy Statement, No.89, May 2000</subfield>
  </datafield>
  <datafield tag="596" ind1=" " ind2=" ">
    <subfield code="a">12</subfield>
  </datafield>
  <datafield tag="999" ind1=" " ind2=" ">
    <subfield code="a">107.9.CBL HIRCE</subfield>
    <subfield code="w">NLM</subfield>
    <subfield code="c">1</subfield>
    <subfield code="i">30017000050441</subfield>
    <subfield code="d">1/3/2007</subfield>
    <subfield code="e">1/3/2007</subfield>
    <subfield code="l">RESERVES</subfield>
    <subfield code="m">SL1</subfield>
    <subfield code="n">3</subfield>
    <subfield code="r">Y</subfield>
    <subfield code="s">Y</subfield>
    <subfield code="t">UNKNOWN</subfield>
    <subfield code="u">5/9/2006</subfield>
  </datafield>
</record>