
<record xmlns="http://www.loc.gov/MARC21/slim">
  <leader>01977cgm a2200361 a 4500</leader>
  <controlfield tag="001">2620307</controlfield>
  <controlfield tag="007">vfucbahou</controlfield>
  <controlfield tag="008">020723s1999    quc050            v eng d</controlfield>
  <datafield tag="028" ind1="4" ind2="2">
    <subfield code="a">C9199 079</subfield>
    <subfield code="b">National Film Board of Canada</subfield>
  </datafield>
  <datafield tag="035" ind1=" " ind2=" ">
    <subfield code="a">(Sirsi) a778798</subfield>
  </datafield>
  <datafield tag="035" ind1=" " ind2=" ">
    <subfield code="a">(Sirsi) AOW-6487</subfield>
  </datafield>
  <datafield tag="040" ind1=" " ind2=" ">
    <subfield code="a">AGPC</subfield>
  </datafield>
  <datafield tag="050" ind1=" " ind2="0">
    <subfield code="a">JL 161 W46 1999 DVD</subfield>
  </datafield>
  <datafield tag="245" ind1="0" ind2="0">
    <subfield code="a">Wendy Lill</subfield>
    <subfield code="h">[videorecording] :</subfield>
    <subfield code="b">playwright in parliament /</subfield>
    <subfield code="c">co-produced by Ralston Productions and the National Film Board of Canada.</subfield>
  </datafield>
  <datafield tag="260" ind1=" " ind2=" ">
    <subfield code="a">Montreal :</subfield>
    <subfield code="b">National Film Board of Canada,</subfield>
    <subfield code="c">1999.</subfield>
  </datafield>
  <datafield tag="300" ind1=" " ind2=" ">
    <subfield code="a">1 videodisc (50 min. 14 sec.) :</subfield>
    <subfield code="b">sd., col. ;</subfield>
    <subfield code="c">4 3/4 in.</subfield>
  </datafield>
  <datafield tag="500" ind1=" " ind2=" ">
    <subfield code="a">FOR CLASSROOM USE ONLY (PPR)</subfield>
  </datafield>
  <datafield tag="500" ind1=" " ind2=" ">
    <subfield code="a">DVD</subfield>
  </datafield>
  <datafield tag="500" ind1=" " ind2=" ">
    <subfield code="a">Closed-captioned for the hearing impaired.</subfield>
  </datafield>
  <datafield tag="508" ind1=" " ind2=" ">
    <subfield code="a">Directors, Michael Mahoney, Meredith Ralston ; producers, Michael Mahoney, Meredith Ralston, Kent Martin (NFB) ; writer, Robert Lower ; narrator, Anne-Marie MacDonald.</subfield>
  </datafield>
  <datafield tag="520" ind1=" " ind2=" ">
    <subfield code="a">Award-winning playwright Wendy Lill has written about suffering, hypocrisy, abuse of power, and the human conscience.  But when she decides to run for Parliament in 1997, Wendy&apos;s ambition is simply to &quot;make a difference&quot;.  This video chronicles her introduction to Parliament Hill, from election to the end of her first year in office as rookie MP for Dartmouth and NDP cultural and disability critic.</subfield>
  </datafield>
  <datafield tag="596" ind1=" " ind2=" ">
    <subfield code="a">6</subfield>
  </datafield>
  <datafield tag="600" ind1="1" ind2="0">
    <subfield code="a">Lill, Wendy,</subfield>
    <subfield code="d">1950-</subfield>
  </datafield>
  <datafield tag="650" ind1=" " ind2="0">
    <subfield code="a">Women in politics</subfield>
    <subfield code="z">Canada</subfield>
    <subfield code="x">Biography.</subfield>
  </datafield>
  <datafield tag="650" ind1=" " ind2="0">
    <subfield code="a">Women politicians</subfield>
    <subfield code="z">Canada</subfield>
    <subfield code="x">Biography.</subfield>
  </datafield>
  <datafield tag="650" ind1=" " ind2="0">
    <subfield code="a">Women legislators</subfield>
    <subfield code="z">Canada</subfield>
    <subfield code="x">Biography.</subfield>
  </datafield>
  <datafield tag="650" ind1=" " ind2="0">
    <subfield code="a">Dramatists, Canadian</subfield>
    <subfield code="y">20th century.</subfield>
  </datafield>
  <datafield tag="650" ind1=" " ind2="0">
    <subfield code="a">Video recordings for the hearing impaired.</subfield>
  </datafield>
  <datafield tag="710" ind1="2" ind2="1">
    <subfield code="a">Ralston Productions Ltd.</subfield>
  </datafield>
  <datafield tag="710" ind1="2" ind2="1">
    <subfield code="a">National Film Board of Canada.</subfield>
  </datafield>
  <datafield tag="926" ind1=" " ind2=" ">
    <subfield code="a">GPRC</subfield>
    <subfield code="b">MEDIA</subfield>
    <subfield code="c">HQ 1391 C2 W46 1999</subfield>
    <subfield code="d">LOCAL_LOAN</subfield>
    <subfield code="f">1</subfield>
  </datafield>
  <datafield tag="926" ind1=" " ind2=" ">
    <subfield code="a">UAHSS</subfield>
    <subfield code="b">ON_SHELF</subfield>
    <subfield code="c">FC 631 L55 W4 1999</subfield>
    <subfield code="d">VIDEO</subfield>
    <subfield code="f">1</subfield>
  </datafield>
  <datafield tag="999" ind1=" " ind2=" ">
    <subfield code="a">JL 161 W46 1999 DVD</subfield>
    <subfield code="w">LC</subfield>
    <subfield code="c">1</subfield>
    <subfield code="i">31520001005412</subfield>
    <subfield code="d">4/20/2007</subfield>
    <subfield code="e">3/11/2007</subfield>
    <subfield code="l">ALGO-AV</subfield>
    <subfield code="m">BR4</subfield>
    <subfield code="n">2</subfield>
    <subfield code="r">Y</subfield>
    <subfield code="s">Y</subfield>
    <subfield code="t">DVD</subfield>
    <subfield code="u">5/9/2006</subfield>
  </datafield>
</record>