
<record xmlns="http://www.loc.gov/MARC21/slim">
  <leader>00846nam a2200205 a 4500</leader>
  <controlfield tag="001">11-0002221</controlfield>
  <controlfield tag="005">19970822142210.0</controlfield>
  <controlfield tag="008">970701s1989    onca         u000 0 fre u</controlfield>
  <datafield tag="020" ind1=" " ind2=" ">
    <subfield code="a">1550432478</subfield>
  </datafield>
  <datafield tag="035" ind1=" " ind2=" ">
    <subfield code="a">(Sirsi) a778800</subfield>
  </datafield>
  <datafield tag="100" ind1="1" ind2=" ">
    <subfield code="a">Thouin, Marcel</subfield>
  </datafield>
  <datafield tag="245" ind1="0" ind2="0">
    <subfield code="a">Scienti-jeux, Le temps /</subfield>
    <subfield code="c">Marcel Thouin, Paul Trudel</subfield>
  </datafield>
  <datafield tag="260" ind1=" " ind2=" ">
    <subfield code="a">Ottawa, Ont. :</subfield>
    <subfield code="b">Université d&apos;Ottawa, Faculté d&apos;Éducation ;</subfield>
    <subfield code="a">Ottawa, Ont. :</subfield>
    <subfield code="b">Centre franco-ontarien de ressources pédagogiques,</subfield>
    <subfield code="c">1989.</subfield>
  </datafield>
  <datafield tag="300" ind1=" " ind2=" ">
    <subfield code="a">136 p. :</subfield>
    <subfield code="b">ill. (en noir et blanc) +</subfield>
    <subfield code="e"> 57 fiches</subfield>
  </datafield>
  <datafield tag="349" ind1=" " ind2=" ">
    <subfield code="a">fiches d&apos;activités et guide pour enseignant(e)</subfield>
  </datafield>
  <datafield tag="440" ind1=" " ind2="0">
    <subfield code="a">Trousse SCIENTI-JEUX</subfield>
  </datafield>
  <datafield tag="650" ind1=" " ind2="6">
    <subfield code="a">Sciences</subfield>
    <subfield code="x">Fiches d&apos;activités et guide</subfield>
    <subfield code="y">4e à la 6e année</subfield>
  </datafield>
  <datafield tag="700" ind1="1" ind2=" ">
    <subfield code="a">Trudel, Paul</subfield>
  </datafield>
  <datafield tag="596" ind1=" " ind2=" ">
    <subfield code="a">10</subfield>
  </datafield>
  <datafield tag="999" ind1=" " ind2=" ">
    <subfield code="a">SCIE 4.6 THO trousse 3.2</subfield>
    <subfield code="w">ALPHANUM</subfield>
    <subfield code="c">1</subfield>
    <subfield code="i">30009000019856</subfield>
    <subfield code="l">EDUC-REF</subfield>
    <subfield code="m">BR2</subfield>
    <subfield code="r">N</subfield>
    <subfield code="s">Y</subfield>
    <subfield code="t">BOOKS</subfield>
    <subfield code="u">5/9/2006</subfield>
  </datafield>
</record>