
<record xmlns="http://www.loc.gov/MARC21/slim">
  <leader>01196cam a22003014a 4500</leader>
  <controlfield tag="001">3595238</controlfield>
  <controlfield tag="003">LTSCA</controlfield>
  <controlfield tag="005">20060815141253.0</controlfield>
  <controlfield tag="006">m        d z      </controlfield>
  <controlfield tag="007">cr unu---unuuu</controlfield>
  <controlfield tag="008">060815s2005    onca    s    z000 0 fre d</controlfield>
  <datafield tag="020" ind1=" " ind2=" ">
    <subfield code="a">0662392884</subfield>
  </datafield>
  <datafield tag="035" ind1=" " ind2=" ">
    <subfield code="a">(Sirsi) a778821</subfield>
  </datafield>
  <datafield tag="035" ind1=" " ind2=" ">
    <subfield code="f">OCLC</subfield>
  </datafield>
  <datafield tag="035" ind1=" " ind2=" ">
    <subfield code="a">(OCoLC)ocm70901826</subfield>
  </datafield>
  <datafield tag="040" ind1=" " ind2=" ">
    <subfield code="a">AEU</subfield>
    <subfield code="b">eng</subfield>
    <subfield code="c">AEU</subfield>
  </datafield>
  <datafield tag="100" ind1="1" ind2=" ">
    <subfield code="a">Rogers, Judy.</subfield>
  </datafield>
  <datafield tag="245" ind1="1" ind2="3">
    <subfield code="a">Un survol du tourisme enregistré en 2002 dans le Nord de l&apos;Ontario</subfield>
    <subfield code="h">[ressource électronique] /</subfield>
    <subfield code="c">préparée pour FedNor et SPOMT par Judy Rogers.</subfield>
  </datafield>
  <datafield tag="260" ind1=" " ind2=" ">
    <subfield code="a">Sudbury, Ont. :</subfield>
    <subfield code="b">Research Resolutions &amp; Consulting Ltd.,</subfield>
    <subfield code="c">2005.</subfield>
  </datafield>
  <datafield tag="300" ind1=" " ind2=" ">
    <subfield code="a">22 p. :</subfield>
    <subfield code="b">ill.</subfield>
  </datafield>
  <datafield tag="349" ind1=" " ind2=" ">
    <subfield code="a">Depository Services Canada/Services de dépôt</subfield>
  </datafield>
  <datafield tag="546" ind1=" " ind2=" ">
    <subfield code="a">Publié aussi en anglais sous le titre: An overview of tourism in Northern Ontario, 2002.</subfield>
  </datafield>
  <datafield tag="650" ind1=" " ind2="6">
    <subfield code="a">Tourisme</subfield>
    <subfield code="z">Ontario, Nord.</subfield>
  </datafield>
  <datafield tag="710" ind1="2" ind2=" ">
    <subfield code="a">Société du partenariat ontarien de marketing touristique.</subfield>
  </datafield>
  <datafield tag="710" ind1="1" ind2=" ">
    <subfield code="a">Canada.</subfield>
    <subfield code="b">FedNor.</subfield>
  </datafield>
  <datafield tag="856" ind1="4" ind2=" ">
    <subfield code="z">Disponible en ligne</subfield>
    <subfield code="u">http://dsp-psd.tpsgc.gc.ca/Collection/Iu91-4-6-2002F.pdf</subfield>
  </datafield>
  <datafield tag="596" ind1=" " ind2=" ">
    <subfield code="a">1</subfield>
  </datafield>
  <datafield tag="999" ind1=" " ind2=" ">
    <subfield code="a">ONLINE / EN LIGNE</subfield>
    <subfield code="w">ASIS</subfield>
    <subfield code="c">1</subfield>
    <subfield code="i">778821-1001</subfield>
    <subfield code="l">DESM-EBOOK</subfield>
    <subfield code="m">BR1</subfield>
    <subfield code="r">Y</subfield>
    <subfield code="s">Y</subfield>
    <subfield code="t">ELECRES</subfield>
    <subfield code="u">5/9/2006</subfield>
    <subfield code="x">DEPOSIT</subfield>
  </datafield>
</record>