
<record xmlns="http://www.loc.gov/MARC21/slim">
  <leader>01299cam a2200277   4500</leader>
  <controlfield tag="008">060905s2003    quca          001 0 fra u</controlfield>
  <datafield tag="020" ind1=" " ind2=" ">
    <subfield code="a">2894618670</subfield>
  </datafield>
  <datafield tag="035" ind1=" " ind2=" ">
    <subfield code="a">(Sirsi) a778823</subfield>
  </datafield>
  <datafield tag="100" ind1="1" ind2=" ">
    <subfield code="a">Libby, Robert</subfield>
  </datafield>
  <datafield tag="245" ind1="1" ind2="0">
    <subfield code="a">Fondements de la comptabilité financière :</subfield>
    <subfield code="b">une approche dynamique /</subfield>
    <subfield code="c">par Robert Libby, Patricia A. Libby, Daniel G. Short ; [adaptation], Carole LaFond-L., Denise Lanthier ; traduit de l&apos;anglais par Jeanne Charbonneau, Louise Durocher, Suzanne Geoffrion</subfield>
  </datafield>
  <datafield tag="260" ind1=" " ind2=" ">
    <subfield code="a">Montréal : </subfield>
    <subfield code="b">Chenelière / McGraw-Hill, </subfield>
    <subfield code="c">2003</subfield>
  </datafield>
  <datafield tag="300" ind1=" " ind2=" ">
    <subfield code="a">xii, 938 p. : </subfield>
    <subfield code="b">ill.</subfield>
  </datafield>
  <datafield tag="500" ind1=" " ind2=" ">
    <subfield code="a">Comprend un index.</subfield>
  </datafield>
  <datafield tag="500" ind1=" " ind2=" ">
    <subfield code="a">Traduction de : Financial accounting, 3rd ed.</subfield>
  </datafield>
  <datafield tag="650" ind1=" " ind2="6">
    <subfield code="a">Comptabilité</subfield>
  </datafield>
  <datafield tag="650" ind1=" " ind2="6">
    <subfield code="a">Entreprises </subfield>
    <subfield code="x">Comptabilité</subfield>
  </datafield>
  <datafield tag="650" ind1=" " ind2="6">
    <subfield code="a">États financiers</subfield>
  </datafield>
  <datafield tag="650" ind1=" " ind2="6">
    <subfield code="a">Tenue des livres</subfield>
  </datafield>
  <datafield tag="650" ind1=" " ind2="6">
    <subfield code="a">Information financière</subfield>
  </datafield>
  <datafield tag="650" ind1=" " ind2="6">
    <subfield code="a">Comptabilité </subfield>
    <subfield code="v">Problèmes et exercices</subfield>
  </datafield>
  <datafield tag="700" ind1="1" ind2=" ">
    <subfield code="a">Short, Daniel G.</subfield>
  </datafield>
  <datafield tag="700" ind1="1" ind2=" ">
    <subfield code="a">Libby, Patricia A.</subfield>
  </datafield>
  <datafield tag="770" ind1="1" ind2=" ">
    <subfield code="t">Fondements de la comptabilité financière : une approche dynamique, Recueil de solutions</subfield>
  </datafield>
  <datafield tag="770" ind1="1" ind2=" ">
    <subfield code="t">Fondements de la comptabilité financière, Recueil de solutions pour l&apos;étudiant</subfield>
  </datafield>
  <datafield tag="596" ind1=" " ind2=" ">
    <subfield code="a">5</subfield>
  </datafield>
  <datafield tag="999" ind1=" " ind2=" ">
    <subfield code="a">657 L</subfield>
    <subfield code="w">DEWEY</subfield>
    <subfield code="c">1</subfield>
    <subfield code="i">31234003641147</subfield>
    <subfield code="l">HRSTK-PRET</subfield>
    <subfield code="m">BM1</subfield>
    <subfield code="p">$104.95</subfield>
    <subfield code="r">Y</subfield>
    <subfield code="s">Y</subfield>
    <subfield code="t">BOOKS</subfield>
    <subfield code="u">5/9/2006</subfield>
    <subfield code="o">.STAFF. Chenelière / DG / 2006</subfield>
  </datafield>
</record>