
<record xmlns="http://www.loc.gov/MARC21/slim">
  <leader>01333cam a22002293a 4500</leader>
  <controlfield tag="001">000032806156</controlfield>
  <controlfield tag="008">060731s2003    onca         f000 0 fre  </controlfield>
  <datafield tag="020" ind1=" " ind2=" ">
    <subfield code="a">0662885554</subfield>
  </datafield>
  <datafield tag="035" ind1=" " ind2=" ">
    <subfield code="a">(Sirsi) a778838</subfield>
  </datafield>
  <datafield tag="245" ind1="0" ind2="0">
    <subfield code="a">Trousse info-achats :</subfield>
    <subfield code="b">guide d&apos;achat des produits répondant aux exigences Energy Star : les produits de haute efficacité énergétique peuvent réduire les factures de services publics, améliorer le résultat net et favoriser la protection de l&apos;environnement.</subfield>
  </datafield>
  <datafield tag="260" ind1=" " ind2=" ">
    <subfield code="a">[Ottawa, Ont.] :</subfield>
    <subfield code="b">Ressources naturelles Canada,</subfield>
    <subfield code="c">c2003.</subfield>
  </datafield>
  <datafield tag="300" ind1=" " ind2=" ">
    <subfield code="a">117 p.</subfield>
  </datafield>
  <datafield tag="349" ind1=" " ind2=" ">
    <subfield code="a">Depository Services Canada/Services de dépôt</subfield>
  </datafield>
  <datafield tag="500" ind1=" " ind2=" ">
    <subfield code="a">Titre de la couv.</subfield>
  </datafield>
  <datafield tag="500" ind1=" " ind2=" ">
    <subfield code="a">Acc. d&apos;un CD-ROM dans une pochette intitulée: Simple savings calculator = Calculateur simple d&apos;économies.</subfield>
  </datafield>
  <datafield tag="546" ind1=" " ind2=" ">
    <subfield code="a">Publié aussi en anglais sous le titre: Purchasing tool kit: a guide to buying energy star qualified products.</subfield>
  </datafield>
  <datafield tag="650" ind1=" " ind2="6">
    <subfield code="a">Économies d&apos;énergie.</subfield>
  </datafield>
  <datafield tag="650" ind1=" " ind2="6">
    <subfield code="a">Appareils électroniques</subfield>
    <subfield code="x">Économies d&apos;énergie.</subfield>
  </datafield>
  <datafield tag="710" ind1="1" ind2=" ">
    <subfield code="a">Canada.</subfield>
    <subfield code="b">Ressources naturelles Canada.</subfield>
    <subfield code="b">Office de l&apos;efficacité énergétique.</subfield>
  </datafield>
  <datafield tag="596" ind1=" " ind2=" ">
    <subfield code="a">1</subfield>
  </datafield>
  <datafield tag="999" ind1=" " ind2=" ">
    <subfield code="a">TJ 163.3 P8714 2003</subfield>
    <subfield code="w">LC</subfield>
    <subfield code="c">1</subfield>
    <subfield code="i">30007008175118</subfield>
    <subfield code="l">DESM-CIR</subfield>
    <subfield code="m">BR1</subfield>
    <subfield code="r">Y</subfield>
    <subfield code="s">Y</subfield>
    <subfield code="t">BOOKS</subfield>
    <subfield code="u">5/9/2006</subfield>
    <subfield code="x">DEPOSIT</subfield>
  </datafield>
  <datafield tag="999" ind1=" " ind2=" ">
    <subfield code="a">TJ 163.3 P8714 2003 CD-ROM</subfield>
    <subfield code="w">LC</subfield>
    <subfield code="c">1</subfield>
    <subfield code="i">30007008175167</subfield>
    <subfield code="l">DESM-CIR</subfield>
    <subfield code="m">BR1</subfield>
    <subfield code="r">Y</subfield>
    <subfield code="s">Y</subfield>
    <subfield code="t">BOOKS</subfield>
    <subfield code="u">5/9/2006</subfield>
    <subfield code="x">DEPOSIT</subfield>
  </datafield>
</record>