
<record xmlns="http://www.loc.gov/MARC21/slim">
  <leader>00433cam a2200133   4500</leader>
  <controlfield tag="008">060905s1998    fra           000 0 fre u</controlfield>
  <datafield tag="020" ind1=" " ind2=" ">
    <subfield code="a">2070414205</subfield>
  </datafield>
  <datafield tag="035" ind1=" " ind2=" ">
    <subfield code="a">(Sirsi) a778839</subfield>
  </datafield>
  <datafield tag="100" ind1="1" ind2=" ">
    <subfield code="a">Brouillet, Chrystine</subfield>
  </datafield>
  <datafield tag="245" ind1="1" ind2="4">
    <subfield code="a">Les neuf vies d&apos;Edward /</subfield>
    <subfield code="c">Chrystine Brouillet</subfield>
  </datafield>
  <datafield tag="260" ind1=" " ind2=" ">
    <subfield code="a">Fra :</subfield>
    <subfield code="b">Folio,</subfield>
    <subfield code="c">1998</subfield>
  </datafield>
  <datafield tag="300" ind1=" " ind2=" ">
    <subfield code="a">351 p.</subfield>
  </datafield>
  <datafield tag="596" ind1=" " ind2=" ">
    <subfield code="a">10</subfield>
  </datafield>
  <datafield tag="999" ind1=" " ind2=" ">
    <subfield code="a">FRA 11 BRO préuniversitaire</subfield>
    <subfield code="w">ALPHANUM</subfield>
    <subfield code="c">1</subfield>
    <subfield code="i">30009000020359</subfield>
    <subfield code="l">EDUC-REF</subfield>
    <subfield code="m">BR2</subfield>
    <subfield code="r">N</subfield>
    <subfield code="s">Y</subfield>
    <subfield code="t">BOOKS</subfield>
    <subfield code="u">5/9/2006</subfield>
  </datafield>
</record>