
<record xmlns="http://www.loc.gov/MARC21/slim">
  <leader>00491cam a2200121   4500</leader>
  <controlfield tag="008">060906s1979    quc           000 0 fre u</controlfield>
  <datafield tag="035" ind1=" " ind2=" ">
    <subfield code="a">(Sirsi) a778853</subfield>
  </datafield>
  <datafield tag="110" ind1="1" ind2=" ">
    <subfield code="a">Québec.</subfield>
    <subfield code=" ">Ministère de l&apos;éducation</subfield>
  </datafield>
  <datafield tag="245" ind1=" " ind2=" ">
    <subfield code="a">Programme d&apos;étude primaire :/bfrançais /</subfield>
    <subfield code="c">Ministère de l&apos;éducation du Québec</subfield>
  </datafield>
  <datafield tag="260" ind1=" " ind2=" ">
    <subfield code="a">Montréal, Qué :</subfield>
    <subfield code="b">Ministère de l&apos;éducation,</subfield>
    <subfield code="c">1979</subfield>
  </datafield>
  <datafield tag="300" ind1=" " ind2=" ">
    <subfield code="a">334 p.</subfield>
  </datafield>
  <datafield tag="596" ind1=" " ind2=" ">
    <subfield code="a">10</subfield>
  </datafield>
  <datafield tag="999" ind1=" " ind2=" ">
    <subfield code="a">aides/Français Gouv Québec</subfield>
    <subfield code="w">ALPHANUM</subfield>
    <subfield code="c">1</subfield>
    <subfield code="i">30009000020664</subfield>
    <subfield code="l">EDUC-REF</subfield>
    <subfield code="m">BR2</subfield>
    <subfield code="r">N</subfield>
    <subfield code="s">Y</subfield>
    <subfield code="t">BOOKS</subfield>
    <subfield code="u">6/9/2006</subfield>
  </datafield>
</record>