
<record xmlns="http://www.loc.gov/MARC21/slim">
  <leader>00653cam a2200121   4500</leader>
  <controlfield tag="008">060906s1991    onc           000 0 fre u</controlfield>
  <datafield tag="035" ind1=" " ind2=" ">
    <subfield code="a">(Sirsi) a778862</subfield>
  </datafield>
  <datafield tag="210" ind1="1" ind2=" ">
    <subfield code="a">Conseil des écoles séparées catholiques du district de Sudbury</subfield>
  </datafield>
  <datafield tag="245" ind1="1" ind2="0">
    <subfield code="a">Ligne de conduite et document d&apos;appui en matière d&apos;éducation antidrogue :</subfield>
    <subfield code="b">prévention, intervention, mesures disciplinaires /</subfield>
    <subfield code="c">Le Conseil des écoles séparées catholiques du district de Sudbury</subfield>
  </datafield>
  <datafield tag="260" ind1=" " ind2=" ">
    <subfield code="a">Sudbury, Ont :</subfield>
    <subfield code="b">Conseil des écoles séparées du district de Sudbury,</subfield>
    <subfield code="c">1991</subfield>
  </datafield>
  <datafield tag="300" ind1=" " ind2=" ">
    <subfield code="a">13 p.</subfield>
  </datafield>
  <datafield tag="596" ind1=" " ind2=" ">
    <subfield code="a">10</subfield>
  </datafield>
  <datafield tag="999" ind1=" " ind2=" ">
    <subfield code="a">aides/hygiène CÉSCS</subfield>
    <subfield code="w">ALPHANUM</subfield>
    <subfield code="c">1</subfield>
    <subfield code="i">30009000020763</subfield>
    <subfield code="l">EDUC-REF</subfield>
    <subfield code="m">BR2</subfield>
    <subfield code="r">N</subfield>
    <subfield code="s">Y</subfield>
    <subfield code="t">BOOKS</subfield>
    <subfield code="u">6/9/2006</subfield>
  </datafield>
</record>