
<record xmlns="http://www.loc.gov/MARC21/slim">
  <leader>00448cam a2200133   4500</leader>
  <controlfield tag="008">060906s1995    onc           000 0 fre u</controlfield>
  <datafield tag="020" ind1=" " ind2=" ">
    <subfield code="a">2894421141</subfield>
  </datafield>
  <datafield tag="035" ind1=" " ind2=" ">
    <subfield code="a">(Sirsi) a778886</subfield>
  </datafield>
  <datafield tag="100" ind1="1" ind2=" ">
    <subfield code="a">Coulombe, Rita</subfield>
  </datafield>
  <datafield tag="245" ind1=" " ind2=" ">
    <subfield code="a">Qui veut peut! :</subfield>
    <subfield code="b">il y a toujours une solution /</subfield>
    <subfield code="c">Rita Coulombe</subfield>
  </datafield>
  <datafield tag="260" ind1=" " ind2=" ">
    <subfield code="a">Vanier, Ont :/bCFORP,</subfield>
    <subfield code="c">1995</subfield>
  </datafield>
  <datafield tag="300" ind1=" " ind2=" ">
    <subfield code="a">39 p.</subfield>
  </datafield>
  <datafield tag="596" ind1=" " ind2=" ">
    <subfield code="a">10</subfield>
  </datafield>
  <datafield tag="999" ind1=" " ind2=" ">
    <subfield code="a">Jeunesse-lecture 4.6 COU</subfield>
    <subfield code="w">ALPHANUM</subfield>
    <subfield code="c">1</subfield>
    <subfield code="i">30009000020524</subfield>
    <subfield code="l">EDUC-REF</subfield>
    <subfield code="m">BR2</subfield>
    <subfield code="r">N</subfield>
    <subfield code="s">Y</subfield>
    <subfield code="t">BOOKS</subfield>
    <subfield code="u">6/9/2006</subfield>
  </datafield>
</record>