
<record xmlns="http://www.loc.gov/MARC21/slim">
  <leader>01225cam a22002654a 4500</leader>
  <controlfield tag="001">001682249</controlfield>
  <controlfield tag="005">20050112004400.0</controlfield>
  <controlfield tag="008">990518s1998    onca     b    000 0 eng d</controlfield>
  <datafield tag="020" ind1=" " ind2=" ">
    <subfield code="a">1894332008</subfield>
  </datafield>
  <datafield tag="035" ind1=" " ind2=" ">
    <subfield code="a">(Sirsi) a778891</subfield>
  </datafield>
  <datafield tag="040" ind1=" " ind2=" ">
    <subfield code="a">NLM</subfield>
    <subfield code="c">NLM</subfield>
    <subfield code="d">NLC</subfield>
    <subfield code="d">LGG</subfield>
    <subfield code="d">CaOSULN</subfield>
  </datafield>
  <datafield tag="060" ind1="1" ind2="0">
    <subfield code="a">WF 600</subfield>
    <subfield code="b">G946 1998</subfield>
  </datafield>
  <datafield tag="245" ind1="0" ind2="0">
    <subfield code="a">Guidelines for the treatment of chronic obstructive pulmonary disease (COPD) /</subfield>
    <subfield code="c">Canadian Respiratory Review Panel.</subfield>
  </datafield>
  <datafield tag="250" ind1=" " ind2=" ">
    <subfield code="a">1st ed.</subfield>
  </datafield>
  <datafield tag="260" ind1=" " ind2=" ">
    <subfield code="a">Toronto :</subfield>
    <subfield code="b">Optimal Therapy Initiative ;</subfield>
    <subfield code="b">Medication Use Management Services (M.U.M.S.) Inc. ,</subfield>
    <subfield code="c">1998.</subfield>
  </datafield>
  <datafield tag="300" ind1=" " ind2=" ">
    <subfield code="a">x, 46 p. :</subfield>
    <subfield code="b">ill. ;</subfield>
    <subfield code="c">25 cm.</subfield>
  </datafield>
  <datafield tag="500" ind1=" " ind2=" ">
    <subfield code="a">Issued also in French under title: Lignes directrices pour le traitement de la maladie pulmonaire obstructive chronique (MPOC).</subfield>
  </datafield>
  <datafield tag="504" ind1=" " ind2=" ">
    <subfield code="a">Includes bibliographical references (p. 39-43).</subfield>
  </datafield>
  <datafield tag="650" ind1=" " ind2="2">
    <subfield code="a">Lung Diseases, Obstructive</subfield>
    <subfield code="x">therapy.</subfield>
  </datafield>
  <datafield tag="650" ind1=" " ind2="2">
    <subfield code="a">Lung Diseases, Obstructive</subfield>
    <subfield code="x">diagnosis.</subfield>
  </datafield>
  <datafield tag="650" ind1=" " ind2="0">
    <subfield code="a">Lungs</subfield>
    <subfield code="x">Diseases, Obstructive</subfield>
    <subfield code="x">Treatment.</subfield>
  </datafield>
  <datafield tag="650" ind1=" " ind2="0">
    <subfield code="a">Lungs</subfield>
    <subfield code="x">Diseases, Obstructive</subfield>
    <subfield code="x">Diagnosis.</subfield>
  </datafield>
  <datafield tag="710" ind1="2" ind2=" ">
    <subfield code="a">Canadian Respiratory Review Panel.</subfield>
  </datafield>
  <datafield tag="596" ind1=" " ind2=" ">
    <subfield code="a">12</subfield>
  </datafield>
  <datafield tag="999" ind1=" " ind2=" ">
    <subfield code="a">WF 600 G946 1998 HIRCE</subfield>
    <subfield code="w">NLM</subfield>
    <subfield code="c">1</subfield>
    <subfield code="i">30017000050599</subfield>
    <subfield code="d">10/22/2007</subfield>
    <subfield code="e">10/22/2007</subfield>
    <subfield code="k">CHECKEDOUT</subfield>
    <subfield code="l">HIRCE-CIRC</subfield>
    <subfield code="m">SL1</subfield>
    <subfield code="n">1</subfield>
    <subfield code="r">M</subfield>
    <subfield code="s">Y</subfield>
    <subfield code="t">BOOKS</subfield>
    <subfield code="u">6/9/2006</subfield>
  </datafield>
</record>