
<record xmlns="http://www.loc.gov/MARC21/slim">
  <leader>00729nam a2200205 a 4500</leader>
  <controlfield tag="001">02-0007860</controlfield>
  <controlfield tag="005">20030210113022.0</controlfield>
  <controlfield tag="008">030210n2001    onc           000   eng d</controlfield>
  <datafield tag="020" ind1=" " ind2=" ">
    <subfield code="a">1894332032</subfield>
  </datafield>
  <datafield tag="035" ind1=" " ind2=" ">
    <subfield code="a">(Sirsi) a778904</subfield>
  </datafield>
  <datafield tag="060" ind1="1" ind2="0">
    <subfield code="a">WC 25 A58 2001 c.5</subfield>
  </datafield>
  <datafield tag="245" ind1="1" ind2="0">
    <subfield code="a">Anti-infective guidelines for community-acquired infections /</subfield>
    <subfield code="c">Ontario Anti-infective Review Panel.</subfield>
  </datafield>
  <datafield tag="250" ind1=" " ind2=" ">
    <subfield code="a">2001 ed.</subfield>
  </datafield>
  <datafield tag="260" ind1=" " ind2=" ">
    <subfield code="a">Toronto, Ont :</subfield>
    <subfield code="b"> MUMS Guideline Clearinghouse, </subfield>
    <subfield code="c"> 2001.</subfield>
  </datafield>
  <datafield tag="300" ind1=" " ind2=" ">
    <subfield code="a">ix, 74 p.</subfield>
  </datafield>
  <datafield tag="650" ind1=" " ind2="2">
    <subfield code="a">Bacterial Infections</subfield>
    <subfield code="x">Drug Therapy.</subfield>
  </datafield>
  <datafield tag="650" ind1=" " ind2="2">
    <subfield code="a">Anti-infection Agents.</subfield>
  </datafield>
  <datafield tag="710" ind1="2" ind2=" ">
    <subfield code="a">Ontario Anti-infective Review Panel.</subfield>
  </datafield>
  <datafield tag="596" ind1=" " ind2=" ">
    <subfield code="a">12</subfield>
  </datafield>
  <datafield tag="999" ind1=" " ind2=" ">
    <subfield code="a">WC 25 A58 2001 HIRCE</subfield>
    <subfield code="w">NLM</subfield>
    <subfield code="c">1</subfield>
    <subfield code="i">30017000050698</subfield>
    <subfield code="l">HIRCE-CIRC</subfield>
    <subfield code="m">SL1</subfield>
    <subfield code="r">Y</subfield>
    <subfield code="s">Y</subfield>
    <subfield code="t">BOOKS</subfield>
    <subfield code="u">6/9/2006</subfield>
  </datafield>
</record>