
<record xmlns="http://www.loc.gov/MARC21/slim">
  <leader>01266cjm a2200289s  4500</leader>
  <controlfield tag="007">sdufsngnnmmned</controlfield>
  <controlfield tag="008">      p1993    gw zzn              und  </controlfield>
  <datafield tag="028" ind1="0" ind2="2">
    <subfield code="a">WER 6304-2</subfield>
    <subfield code="b">Wergo</subfield>
  </datafield>
  <datafield tag="035" ind1=" " ind2=" ">
    <subfield code="a">(Sirsi) a778905</subfield>
  </datafield>
  <datafield tag="035" ind1=" " ind2=" ">
    <subfield code="a">(Sirsi) AVL-6166</subfield>
  </datafield>
  <datafield tag="040" ind1=" " ind2=" ">
    <subfield code="a">CaOTUFM</subfield>
    <subfield code="c">CaOTUFM</subfield>
  </datafield>
  <datafield tag="050" ind1="0" ind2="0">
    <subfield code="a">Wergo WER 6304-2</subfield>
  </datafield>
  <datafield tag="100" ind1="1" ind2=" ">
    <subfield code="a">Schwitters, Kurt,</subfield>
    <subfield code="d">1887-1948.</subfield>
  </datafield>
  <datafield tag="240" ind1="1" ind2="0">
    <subfield code="a">Sonate in Urlauten</subfield>
  </datafield>
  <datafield tag="245" ind1="1" ind2="0">
    <subfield code="a">Ursonate</subfield>
    <subfield code="h">[sound recording] /</subfield>
    <subfield code="c">Kurt Schwitters.</subfield>
  </datafield>
  <datafield tag="260" ind1=" " ind2=" ">
    <subfield code="a">Mainz, Germany :</subfield>
    <subfield code="b">Wergo,</subfield>
    <subfield code="c">p1993.</subfield>
  </datafield>
  <datafield tag="300" ind1=" " ind2=" ">
    <subfield code="a">1 sound disc (41:29) :</subfield>
    <subfield code="b">digital, mono. ;</subfield>
    <subfield code="c">4 3/4 in.</subfield>
  </datafield>
  <datafield tag="306" ind1=" " ind2=" ">
    <subfield code="a">004129</subfield>
  </datafield>
  <datafield tag="511" ind1="0" ind2=" ">
    <subfield code="a">&quot;Original performance by Kurt Schwitters.&quot;</subfield>
  </datafield>
  <datafield tag="518" ind1=" " ind2=" ">
    <subfield code="a">Originally recorded as 78-rpm disc.</subfield>
  </datafield>
  <datafield tag="500" ind1=" " ind2=" ">
    <subfield code="a">Program notes by Jack Ox and Kurt Schwitters, in English and German, and excerpt from the spoken text ([12] p. : ports.) inserted in container.</subfield>
  </datafield>
  <datafield tag="505" ind1="0" ind2=" ">
    <subfield code="a">Einleitung und erster Teil : Rondo (21:58) -- Zweiter Teil : Largo (3:12) -- Dritter Teil : Scherzo-Trio-Scherzo (2:42) -- Vierter Teil : Presto-Ablösung-Kadenz-Schluss (13:26).</subfield>
  </datafield>
  <datafield tag="596" ind1=" " ind2=" ">
    <subfield code="a">3</subfield>
  </datafield>
  <datafield tag="650" ind1=" " ind2="0">
    <subfield code="a">Sound poetry.</subfield>
  </datafield>
  <datafield tag="700" ind1="1" ind2=" ">
    <subfield code="a">Schwitters, Kurt,</subfield>
    <subfield code="d">1887-1948.</subfield>
  </datafield>
  <datafield tag="926" ind1=" " ind2=" ">
    <subfield code="a"></subfield>
  </datafield>
  <datafield tag="999" ind1=" " ind2=" ">
    <subfield code="a">6428</subfield>
    <subfield code="w">ALPHANUM</subfield>
    <subfield code="c">1</subfield>
    <subfield code="i">30011000015298</subfield>
    <subfield code="d">3/26/2007</subfield>
    <subfield code="e">3/19/2007</subfield>
    <subfield code="l">HUNT-AUDIO</subfield>
    <subfield code="m">BR3</subfield>
    <subfield code="n">2</subfield>
    <subfield code="r">Y</subfield>
    <subfield code="s">Y</subfield>
    <subfield code="t">SOUND</subfield>
    <subfield code="u">6/9/2006</subfield>
    <subfield code="x">COMPDISCS</subfield>
  </datafield>
</record>