
<record xmlns="http://www.loc.gov/MARC21/slim">
  <leader>05399cjm a2200685 a 4500</leader>
  <controlfield tag="007">sdufsngnnmmned</controlfield>
  <controlfield tag="008">010420p19971996gw   n                   </controlfield>
  <datafield tag="028" ind1="0" ind2="2">
    <subfield code="a">74321 39048 2</subfield>
    <subfield code="b">Arte Nova Classics</subfield>
  </datafield>
  <datafield tag="035" ind1=" " ind2=" ">
    <subfield code="a">(Sirsi) a778907</subfield>
  </datafield>
  <datafield tag="035" ind1=" " ind2=" ">
    <subfield code="a">(Sirsi) BCZ-0784</subfield>
  </datafield>
  <datafield tag="040" ind1=" " ind2=" ">
    <subfield code="a">CaOTUFM</subfield>
    <subfield code="c">CaOTUFM</subfield>
  </datafield>
  <datafield tag="245" ind1="0" ind2="0">
    <subfield code="a">Russian futurism</subfield>
    <subfield code="h">[sound recording]</subfield>
  </datafield>
  <datafield tag="260" ind1=" " ind2=" ">
    <subfield code="a">[Germany] :</subfield>
    <subfield code="b">Arte Nova Classics,</subfield>
    <subfield code="c">p1997.</subfield>
  </datafield>
  <datafield tag="300" ind1=" " ind2=" ">
    <subfield code="a">6 sound discs :</subfield>
    <subfield code="b">digital, stereo. ;</subfield>
    <subfield code="c">4 3/4 in.</subfield>
  </datafield>
  <datafield tag="500" ind1=" " ind2=" ">
    <subfield code="a">Arte Nova Classics: 74321 39048 2.</subfield>
  </datafield>
  <datafield tag="505" ind1="0" ind2=" ">
    <subfield code="a">V.1. Sonata no. 4, op. 11 (12:55) ; Turkmenian nights (13:210) ; Sonata no. 5, op. 12  (29:05) / Alexander Mossolov.</subfield>
  </datafield>
  <datafield tag="505" ind1="0" ind2=" ">
    <subfield code="a">V.2. Ouverture dramatique pour Grand Orchestre : op. 7 (12:48) ; At war (from the diary of a dead soldier) : six improvisations for orchestra : op. 26 (24:21) ; Horn concerto in F minor : op. 40 (17:57) ; Trumpet concerto : op. 41 (13:02) / Alexander F. Goedicke -- Sonata-fantasy for cello and piano (20:01) ; Sonata-poem for cello and piano (11:26) ; Dramatic poem (14:02) / Julian Krein -- Three characteristic melodies to &quot;The stone guest&quot; by Pushkin : op. 51 / Michail F. Gnesin (6:45) -- Sonata for cello and piano : op. 7 / Georg Kirkor (24:51).</subfield>
  </datafield>
  <datafield tag="505" ind1="0" ind2=" ">
    <subfield code="a">V.3. D&apos;après Shelley, Symphonic fragment in D major, op. 4 (7:35)  ; Requiem, op. 11, for two violins, viola, cello and piano (12:31) ; Trio for piano, violin and cello, op. 63 (12:20) ; Songs of a Knight errant, op. 28, for two violins, viola, cello and harp (9:34) ; Adigeya, op. 48, sextet for violin, viola, cello, clarinet, horn and piano (10:43) ; The Jewish orchestra at the ball at Nothingtown (14:08) / Michail F. Gnesin -- String quartet no. 1, op. 24  / Alexander Mossolov (23:08) -- String quartet no. 1 (10:57) ; String quartet no. 3 (10:58) / Nikolai Roslavets -- String quartet no. 3 / Lev Knipper (10:36).</subfield>
  </datafield>
  <datafield tag="511" ind1="0" ind2=" ">
    <subfield code="a">V.1. Daniele Lombardi, piano.</subfield>
  </datafield>
  <datafield tag="511" ind1="0" ind2=" ">
    <subfield code="a">v.2. Russian Philharmonic Orchestra (1st-4th works) ; Gleb Karpushkin, horn (3rd work) ; Vladimir Gontcharov, trumpet (4th work) ; Konstantin Krimets, conductor ; Kyril Rodin, violoncello (5th-9th works) ; Andrei Pisarev (5th-8th works), Alexei Nesterenko (9th work), pianos.</subfield>
  </datafield>
  <datafield tag="511" ind1="0" ind2=" ">
    <subfield code="a">V.3. Russian Philharmonic Orchestra ; Konstantin Krimets, conductor  (1st &amp; 6th works) ; Moscow Soloist Ensemble (2nd-5th works) ; Novosibirsk &quot;Filarmonica&quot; String Quartet (7th-10th works).</subfield>
  </datafield>
  <datafield tag="518" ind1=" " ind2=" ">
    <subfield code="a">Recorded February 1996, Studio 5, Russian Broadcast and Recording Department, Moscow (1st-4th works), and November 1996, Studio 1, Russian Broadcast and Recording Department, Moscow (5th-9th works).</subfield>
  </datafield>
  <datafield tag="596" ind1=" " ind2=" ">
    <subfield code="a">3</subfield>
  </datafield>
  <datafield tag="700" ind1="1" ind2=" ">
    <subfield code="a">Karpushkin, Gleb.</subfield>
    <subfield code="4">prf</subfield>
  </datafield>
  <datafield tag="700" ind1="1" ind2=" ">
    <subfield code="a">Goncharov, Vladimir.</subfield>
    <subfield code="4">prf</subfield>
  </datafield>
  <datafield tag="700" ind1="1" ind2=" ">
    <subfield code="a">Krimet͡s, Konstantin,</subfield>
    <subfield code="d">1939-</subfield>
    <subfield code="4">cnd</subfield>
  </datafield>
  <datafield tag="700" ind1="1" ind2=" ">
    <subfield code="a">Rodin, Kyrill.</subfield>
    <subfield code="4">prf</subfield>
  </datafield>
  <datafield tag="700" ind1="1" ind2=" ">
    <subfield code="a">Pisarev, Andrei.</subfield>
    <subfield code="4">prf</subfield>
  </datafield>
  <datafield tag="700" ind1="1" ind2=" ">
    <subfield code="a">Nesterenko, Alexei.</subfield>
    <subfield code="4">prf</subfield>
  </datafield>
  <datafield tag="700" ind1="1" ind2=" ">
    <subfield code="a">Lombardi, Daniele.</subfield>
    <subfield code="4">prf.</subfield>
  </datafield>
  <datafield tag="710" ind1="2" ind2=" ">
    <subfield code="a">Moscow Soloist Ensemble.</subfield>
    <subfield code="4">prf.</subfield>
  </datafield>
  <datafield tag="710" ind1="2" ind2=" ">
    <subfield code="a">Novosibirsk &quot;Filarmonica&quot; String Quartet.</subfield>
    <subfield code="4">prf.</subfield>
  </datafield>
  <datafield tag="700" ind1="1" ind2="2">
    <subfield code="a">Mossolov, Alexander,</subfield>
    <subfield code="d">1900-1973.</subfield>
    <subfield code="t">Sonatas,</subfield>
    <subfield code="m">piano,</subfield>
    <subfield code="n">no. 4, op. 11</subfield>
  </datafield>
  <datafield tag="700" ind1="1" ind2="2">
    <subfield code="a">Mossolov, Alexander,</subfield>
    <subfield code="d">1900-1973.</subfield>
    <subfield code="t">Turkmenian nights</subfield>
  </datafield>
  <datafield tag="700" ind1="1" ind2="2">
    <subfield code="a">Mossolov, Alexander,</subfield>
    <subfield code="d">1900-1973.</subfield>
    <subfield code="t">Sonatas,</subfield>
    <subfield code="m">piano,</subfield>
    <subfield code="n">no. 5, op. 12</subfield>
  </datafield>
  <datafield tag="700" ind1="1" ind2="2">
    <subfield code="a">Gedike, Aleksandr Fedorovich,</subfield>
    <subfield code="d">1877-1957.</subfield>
    <subfield code="t">Dramaticheskai͡a uverti͡ura.</subfield>
  </datafield>
  <datafield tag="700" ind1="1" ind2="2">
    <subfield code="a">Gedike, Aleksandr Fedorovich,</subfield>
    <subfield code="d">1877-1957.</subfield>
    <subfield code="t">Na voyne.</subfield>
  </datafield>
  <datafield tag="700" ind1="1" ind2="2">
    <subfield code="a">Gedike, Aleksandr Fedorovich,</subfield>
    <subfield code="d">1877-1957.</subfield>
    <subfield code="t">Concertos,</subfield>
    <subfield code="m">horn, orchestra,</subfield>
    <subfield code="n">op. 40,</subfield>
    <subfield code="r">F minor.</subfield>
  </datafield>
  <datafield tag="700" ind1="1" ind2="2">
    <subfield code="a">Gedike, Aleksandr Fedorovich,</subfield>
    <subfield code="d">1877-1957.</subfield>
    <subfield code="t">Concertos,</subfield>
    <subfield code="m">trumpet, orchestra,</subfield>
    <subfield code="n">op. 41,</subfield>
    <subfield code="r">B♭ minor.</subfield>
  </datafield>
  <datafield tag="700" ind1="1" ind2="2">
    <subfield code="a">Kreĭn, I͡Ulian Grigorʹevich.</subfield>
    <subfield code="t">Sonata-fantazi͡a.</subfield>
  </datafield>
  <datafield tag="700" ind1="1" ind2="2">
    <subfield code="a">Kreĭn, I͡Ulian Grigorʹevich.</subfield>
    <subfield code="t">Sonata-poėma.</subfield>
  </datafield>
  <datafield tag="700" ind1="1" ind2="2">
    <subfield code="a">Kreĭn, I͡Ulian Grigorʹevich.</subfield>
    <subfield code="t">Dramatic poem.</subfield>
  </datafield>
  <datafield tag="700" ind1="1" ind2="2">
    <subfield code="a">Gnesin, Mikhail Fabianovich,</subfield>
    <subfield code="d">1883-1957.</subfield>
    <subfield code="t">Pesý,</subfield>
    <subfield code="m">violoncello, piano.</subfield>
  </datafield>
  <datafield tag="700" ind1="1" ind2="2">
    <subfield code="a">Kirkor, G.</subfield>
    <subfield code="q">(Georgiĭ),</subfield>
    <subfield code="d">1910-</subfield>
    <subfield code="t">Sonatas,</subfield>
    <subfield code="m">violoncello, piano,</subfield>
    <subfield code="n">op. 7.</subfield>
  </datafield>
  <datafield tag="700" ind1="1" ind2="2">
    <subfield code="a">Gnesin, Mikhail Fabianovich,</subfield>
    <subfield code="d">1883-1957.</subfield>
    <subfield code="t">D&apos;après Shelley</subfield>
  </datafield>
  <datafield tag="700" ind1="1" ind2="2">
    <subfield code="a">Gnesin, Mikhail Fabianovich,</subfield>
    <subfield code="d">1883-1957.</subfield>
    <subfield code="t">Requiem</subfield>
  </datafield>
  <datafield tag="700" ind1="1" ind2="2">
    <subfield code="a">Gnesin, Mikhail Fabianovich,</subfield>
    <subfield code="d">1883-1957.</subfield>
    <subfield code="t">Trios,</subfield>
    <subfield code="m">piano, violin, violoncello,</subfield>
    <subfield code="n">op. 63</subfield>
  </datafield>
  <datafield tag="700" ind1="1" ind2="2">
    <subfield code="a">Gnesin, Mikhail Fabianovich,</subfield>
    <subfield code="d">1883-1957.</subfield>
    <subfield code="t">Songs for a knight errant</subfield>
  </datafield>
  <datafield tag="700" ind1="1" ind2="2">
    <subfield code="a">Gnesin, Mikhail Fabianovich,</subfield>
    <subfield code="d">1883-1957.</subfield>
    <subfield code="t">Adigeya</subfield>
  </datafield>
  <datafield tag="700" ind1="1" ind2="2">
    <subfield code="a">Gnesin, Mikhail Fabianovich,</subfield>
    <subfield code="d">1883-1957.</subfield>
    <subfield code="t">The Jewish orchestra at the ball at Nothingtown</subfield>
  </datafield>
  <datafield tag="700" ind1="1" ind2="2">
    <subfield code="a">Mossolov, Alexander,</subfield>
    <subfield code="d">1900-1973.</subfield>
    <subfield code="t">Quartets,</subfield>
    <subfield code="m">strings,</subfield>
    <subfield code="n">no. 1, op. 24</subfield>
  </datafield>
  <datafield tag="700" ind1="1" ind2="2">
    <subfield code="a">Roslavets, Nikolai,</subfield>
    <subfield code="d">1881-1944.</subfield>
    <subfield code="t">Quartets,</subfield>
    <subfield code="m">strings,</subfield>
    <subfield code="n">no. 1</subfield>
  </datafield>
  <datafield tag="700" ind1="1" ind2="2">
    <subfield code="a">Roslavets, Nikolai,</subfield>
    <subfield code="d">1881-1944.</subfield>
    <subfield code="t">Quartets,</subfield>
    <subfield code="m">strings,</subfield>
    <subfield code="n">no. 3</subfield>
  </datafield>
  <datafield tag="700" ind1="1" ind2="2">
    <subfield code="a">Knipper, Lev,</subfield>
    <subfield code="d">1898-1974.</subfield>
    <subfield code="t">Quartets,</subfield>
    <subfield code="m">strings,</subfield>
    <subfield code="n">no. 3</subfield>
  </datafield>
  <datafield tag="710" ind1="2" ind2=" ">
    <subfield code="a">Russian Philharmonic Orchestra.</subfield>
    <subfield code="4">prf.</subfield>
  </datafield>
  <datafield tag="926" ind1=" " ind2=" ">
    <subfield code="a"></subfield>
  </datafield>
  <datafield tag="999" ind1=" " ind2=" ">
    <subfield code="a">6427 BOX</subfield>
    <subfield code="w">ALPHANUM</subfield>
    <subfield code="c">1</subfield>
    <subfield code="i">30011000015348</subfield>
    <subfield code="d">12/7/2007</subfield>
    <subfield code="e">12/7/2007</subfield>
    <subfield code="k">CHECKEDOUT</subfield>
    <subfield code="l">HUNT-AUDIO</subfield>
    <subfield code="m">BR3</subfield>
    <subfield code="n">4</subfield>
    <subfield code="r">M</subfield>
    <subfield code="s">Y</subfield>
    <subfield code="t">SOUND</subfield>
    <subfield code="u">6/9/2006</subfield>
    <subfield code="x">COMPDISCS</subfield>
  </datafield>
  <datafield tag="999" ind1=" " ind2=" ">
    <subfield code="a">6427 V.1</subfield>
    <subfield code="w">ALPHANUM</subfield>
    <subfield code="c">1</subfield>
    <subfield code="i">30011000015249</subfield>
    <subfield code="d">2/13/2007</subfield>
    <subfield code="e">2/12/2007</subfield>
    <subfield code="l">HUNT-AUDIO</subfield>
    <subfield code="m">BR3</subfield>
    <subfield code="n">2</subfield>
    <subfield code="r">Y</subfield>
    <subfield code="s">Y</subfield>
    <subfield code="t">SOUND</subfield>
    <subfield code="u">6/9/2006</subfield>
    <subfield code="x">COMPDISCS</subfield>
  </datafield>
  <datafield tag="999" ind1=" " ind2=" ">
    <subfield code="a">6427 V.2</subfield>
    <subfield code="w">LC</subfield>
    <subfield code="c">1</subfield>
    <subfield code="i">30011000015090</subfield>
    <subfield code="d">2/13/2007</subfield>
    <subfield code="e">2/12/2007</subfield>
    <subfield code="l">HUNT-AUDIO</subfield>
    <subfield code="m">BR3</subfield>
    <subfield code="n">2</subfield>
    <subfield code="r">Y</subfield>
    <subfield code="s">Y</subfield>
    <subfield code="t">SOUND</subfield>
    <subfield code="u">6/9/2006</subfield>
    <subfield code="x">COMPDISCS</subfield>
  </datafield>
  <datafield tag="999" ind1=" " ind2=" ">
    <subfield code="a">6427 V.2</subfield>
    <subfield code="w">ALPHANUM</subfield>
    <subfield code="c">1</subfield>
    <subfield code="i">30011000015306</subfield>
    <subfield code="d">2/13/2007</subfield>
    <subfield code="e">2/12/2007</subfield>
    <subfield code="l">HUNT-AUDIO</subfield>
    <subfield code="m">BR3</subfield>
    <subfield code="n">2</subfield>
    <subfield code="r">Y</subfield>
    <subfield code="s">Y</subfield>
    <subfield code="t">SOUND</subfield>
    <subfield code="u">6/9/2006</subfield>
    <subfield code="x">COMPDISCS</subfield>
  </datafield>
</record>