
<record xmlns="http://www.loc.gov/MARC21/slim">
  <leader>01127cam a22002893a 4500</leader>
  <controlfield tag="001">2619825</controlfield>
  <controlfield tag="003">CaOONL.</controlfield>
  <controlfield tag="005">20020327124046.0.</controlfield>
  <controlfield tag="008">020326s2002    onca         f000 0 eng  </controlfield>
  <datafield tag="020" ind1=" " ind2=" ">
    <subfield code="a">0662329554</subfield>
  </datafield>
  <datafield tag="035" ind1=" " ind2=" ">
    <subfield code="a">(Sirsi) a778936</subfield>
  </datafield>
  <datafield tag="035" ind1=" " ind2=" ">
    <subfield code="a">(Sirsi) i0662302842</subfield>
  </datafield>
  <datafield tag="040" ind1=" " ind2=" ">
    <subfield code="d">UtOrBLW</subfield>
  </datafield>
  <datafield tag="050" ind1=" " ind2="4">
    <subfield code="a">TP339</subfield>
    <subfield code="b">.G74 2002</subfield>
  </datafield>
  <datafield tag="086" ind1="1" ind2=" ">
    <subfield code="a">M92-216/2001E.</subfield>
  </datafield>
  <datafield tag="245" ind1="0" ind2="0">
    <subfield code="a">Greenwood Forest Products Ltd. :</subfield>
    <subfield code="b">heating a large value-added production facility.</subfield>
  </datafield>
  <datafield tag="260" ind1=" " ind2=" ">
    <subfield code="a">Ottawa, Ont. :</subfield>
    <subfield code="b">Natural Resources Canada,</subfield>
    <subfield code="c">2002.</subfield>
  </datafield>
  <datafield tag="300" ind1=" " ind2=" ">
    <subfield code="a">1 folded sheet (6 p.).</subfield>
  </datafield>
  <datafield tag="440" ind1=" " ind2="0">
    <subfield code="a">Biomass combustion systems</subfield>
  </datafield>
  <datafield tag="500" ind1=" " ind2=" ">
    <subfield code="a">&quot;Case study&quot;.</subfield>
  </datafield>
  <datafield tag="500" ind1=" " ind2=" ">
    <subfield code="a">Issued also in French under title: Greenwood Forest Products Ltd. : le chauffage d&apos;une grande installation de production à valeur ajoutée.</subfield>
  </datafield>
  <datafield tag="596" ind1=" " ind2=" ">
    <subfield code="a">1</subfield>
  </datafield>
  <datafield tag="650" ind1=" " ind2="0">
    <subfield code="a">Biomass energy.</subfield>
  </datafield>
  <datafield tag="710" ind1="1" ind2=" ">
    <subfield code="a">Canada.</subfield>
    <subfield code="b">Natural Resources Canada.</subfield>
  </datafield>
  <datafield tag="856" ind1="4" ind2="1">
    <subfield code="z">Available online</subfield>
    <subfield code="u">http://dsp-psd.pwgsc.gc.ca/Collection/M92-252-2002E.pdf</subfield>
  </datafield>
  <datafield tag="349" ind1=" " ind2=" ">
    <subfield code="a">Depository Services Canada/Services de dépôt</subfield>
  </datafield>
  <datafield tag="999" ind1=" " ind2=" ">
    <subfield code="a">TP 339 G74 2002</subfield>
    <subfield code="w">LC</subfield>
    <subfield code="c">1</subfield>
    <subfield code="i">30007008185372</subfield>
    <subfield code="l">DESM-CIR</subfield>
    <subfield code="m">BR1</subfield>
    <subfield code="r">Y</subfield>
    <subfield code="s">Y</subfield>
    <subfield code="t">BOOKS</subfield>
    <subfield code="u">6/9/2006</subfield>
    <subfield code="x">DEPOSIT</subfield>
  </datafield>
</record>