
<record xmlns="http://www.loc.gov/MARC21/slim">
  <leader>00867cam a22002534a 4500</leader>
  <controlfield tag="001">1188323</controlfield>
  <controlfield tag="005">20051120013424.0</controlfield>
  <controlfield tag="008">030814s2004    paua     b    001 0 eng  </controlfield>
  <datafield tag="020" ind1=" " ind2=" ">
    <subfield code="a">0323023576</subfield>
  </datafield>
  <datafield tag="035" ind1=" " ind2=" ">
    <subfield code="a">(Sirsi) a778937</subfield>
  </datafield>
  <datafield tag="040" ind1=" " ind2=" ">
    <subfield code="a">DNLM</subfield>
    <subfield code="c">DNLM</subfield>
    <subfield code="d">CaOSULN</subfield>
  </datafield>
  <datafield tag="041" ind1="0" ind2="9">
    <subfield code="a">eng</subfield>
  </datafield>
  <datafield tag="060" ind1="1" ind2="0">
    <subfield code="a">WO 450 O141 2004</subfield>
  </datafield>
  <datafield tag="245" ind1="0" ind2="0">
    <subfield code="a">Obstetric anesthesia :</subfield>
    <subfield code="b">principles and practice /</subfield>
    <subfield code="c">[edited by] David H. Chestnut.</subfield>
  </datafield>
  <datafield tag="250" ind1=" " ind2=" ">
    <subfield code="a">3rd ed.</subfield>
  </datafield>
  <datafield tag="260" ind1=" " ind2=" ">
    <subfield code="a">Philadelphia, Pa. :</subfield>
    <subfield code="b">Elsevier/Mosby,</subfield>
    <subfield code="c">c2004.</subfield>
  </datafield>
  <datafield tag="300" ind1=" " ind2=" ">
    <subfield code="a">xix, 1011 p. :</subfield>
    <subfield code="b">ill.</subfield>
  </datafield>
  <datafield tag="504" ind1=" " ind2=" ">
    <subfield code="a">Includes bibliographical references and index.</subfield>
  </datafield>
  <datafield tag="650" ind1="1" ind2="2">
    <subfield code="a">Anesthesia, Obstetrical</subfield>
    <subfield code="x">methods</subfield>
  </datafield>
  <datafield tag="650" ind1="2" ind2="2">
    <subfield code="a">Anesthetics</subfield>
  </datafield>
  <datafield tag="650" ind1="2" ind2="2">
    <subfield code="a">Obstetric Labor Complications</subfield>
  </datafield>
  <datafield tag="700" ind1="1" ind2=" ">
    <subfield code="a">Chestnut, David H.</subfield>
  </datafield>
  <datafield tag="596" ind1=" " ind2=" ">
    <subfield code="a">12</subfield>
  </datafield>
  <datafield tag="999" ind1=" " ind2=" ">
    <subfield code="a">WO 450 O141 2004 HIRCW</subfield>
    <subfield code="w">NLM</subfield>
    <subfield code="c">1</subfield>
    <subfield code="i">30017000042240</subfield>
    <subfield code="d">12/21/2006</subfield>
    <subfield code="e">11/22/2006</subfield>
    <subfield code="l">HIRCW-CIRC</subfield>
    <subfield code="m">SL1</subfield>
    <subfield code="n">1</subfield>
    <subfield code="r">Y</subfield>
    <subfield code="s">Y</subfield>
    <subfield code="t">BOOKS</subfield>
    <subfield code="u">6/9/2006</subfield>
  </datafield>
</record>