
<record xmlns="http://www.loc.gov/MARC21/slim">
  <leader>00563cam a2200133   4500</leader>
  <controlfield tag="008">060906n                      000 0 eng u</controlfield>
  <datafield tag="035" ind1=" " ind2=" ">
    <subfield code="a">(Sirsi) a778938</subfield>
  </datafield>
  <datafield tag="100" ind1="1" ind2=" ">
    <subfield code="a">Abourbih, Jacques</subfield>
  </datafield>
  <datafield tag="245" ind1="0" ind2="0">
    <subfield code="a">Functional anatomy of male and female reproductive system /</subfield>
    <subfield code="c">Dr. Jacques Abourbih</subfield>
  </datafield>
  <datafield tag="246" ind1="3" ind2="0">
    <subfield code="a">WGS 107.6 :</subfield>
    <subfield code="b">functional anatomy of male and female reproductive system</subfield>
  </datafield>
  <datafield tag="300" ind1=" " ind2=" ">
    <subfield code="a">1 CD-ROM :</subfield>
    <subfield code="b">sd., col.</subfield>
  </datafield>
  <datafield tag="500" ind1=" " ind2=" ">
    <subfield code="a">Lecture for Whole Group Session 107.6</subfield>
  </datafield>
  <datafield tag="596" ind1=" " ind2=" ">
    <subfield code="a">12</subfield>
  </datafield>
  <datafield tag="999" ind1=" " ind2=" ">
    <subfield code="a">WGS 107.6 HIRCE</subfield>
    <subfield code="w">NLM</subfield>
    <subfield code="c">1</subfield>
    <subfield code="i">30017000050748</subfield>
    <subfield code="d">6/9/2006</subfield>
    <subfield code="k">RESERVES</subfield>
    <subfield code="l">HIRCE-CIRC</subfield>
    <subfield code="m">SL1</subfield>
    <subfield code="r">Y</subfield>
    <subfield code="s">Y</subfield>
    <subfield code="t">AUD_VISUAL</subfield>
    <subfield code="u">6/9/2006</subfield>
  </datafield>
</record>