
<record xmlns="http://www.loc.gov/MARC21/slim">
  <leader>00473cam a2200133   4500</leader>
  <controlfield tag="008">060906s1996    quc           000 0 fre u</controlfield>
  <datafield tag="020" ind1=" " ind2=" ">
    <subfield code="a">2891136454</subfield>
  </datafield>
  <datafield tag="035" ind1=" " ind2=" ">
    <subfield code="a">(Sirsi) a778943</subfield>
  </datafield>
  <datafield tag="100" ind1="1" ind2=" ">
    <subfield code="a">Deslauriers, Lyne</subfield>
  </datafield>
  <datafield tag="245" ind1="1" ind2="2">
    <subfield code="a">Capsule 5 :</subfield>
    <subfield code="b">corrigé des activités à reproduire /</subfield>
    <subfield code="c">Lyne Deslauriers, Nicole Gagnon</subfield>
  </datafield>
  <datafield tag="260" ind1=" " ind2=" ">
    <subfield code="a">Mont-Royal, Qué :</subfield>
    <subfield code="b">Modulo,</subfield>
    <subfield code="c">1996</subfield>
  </datafield>
  <datafield tag="300" ind1=" " ind2=" ">
    <subfield code="a">70 p.</subfield>
  </datafield>
  <datafield tag="596" ind1=" " ind2=" ">
    <subfield code="a">10</subfield>
  </datafield>
  <datafield tag="999" ind1=" " ind2=" ">
    <subfield code="a">FRA 5 DES Corrigé</subfield>
    <subfield code="w">ALPHANUM</subfield>
    <subfield code="c">1</subfield>
    <subfield code="i">30009000020995</subfield>
    <subfield code="l">EDUC-REF</subfield>
    <subfield code="m">BR2</subfield>
    <subfield code="r">N</subfield>
    <subfield code="s">Y</subfield>
    <subfield code="t">BOOKS</subfield>
    <subfield code="u">6/9/2006</subfield>
  </datafield>
</record>