
<record xmlns="http://www.loc.gov/MARC21/slim">
  <leader>00401cam a2200097   4500</leader>
  <controlfield tag="008">060906n                      000 0 eng u</controlfield>
  <datafield tag="035" ind1=" " ind2=" ">
    <subfield code="a">(Sirsi) a778947</subfield>
  </datafield>
  <datafield tag="100" ind1="1" ind2=" ">
    <subfield code="a">Carnes, Mark C. &amp; Clyde Griffen (eds.)</subfield>
  </datafield>
  <datafield tag="245" ind1=" " ind2=" ">
    <subfield code="a">Meanings for manhood : constructions of masculinity in Victorian America</subfield>
  </datafield>
  <datafield tag="596" ind1=" " ind2=" ">
    <subfield code="a">6</subfield>
  </datafield>
  <datafield tag="999" ind1=" " ind2=" ">
    <subfield code="a">HIST</subfield>
    <subfield code="w">AUTO</subfield>
    <subfield code="c">1</subfield>
    <subfield code="i">31520000987560</subfield>
    <subfield code="d">9/13/2006</subfield>
    <subfield code="e">9/13/2006</subfield>
    <subfield code="l">RESERVES</subfield>
    <subfield code="m">BR4</subfield>
    <subfield code="n">2</subfield>
    <subfield code="r">Y</subfield>
    <subfield code="s">N</subfield>
    <subfield code="t">BOOKS</subfield>
    <subfield code="u">6/9/2006</subfield>
    <subfield code="o">.CIRCNOTE. (2)</subfield>
  </datafield>
</record>