
<record xmlns="http://www.loc.gov/MARC21/slim">
  <leader>01028nam a2200217 a 4500</leader>
  <controlfield tag="001">11-0003219</controlfield>
  <controlfield tag="005">19970822150104.0</controlfield>
  <controlfield tag="008">970701s1991    cau          u000 0 fre u</controlfield>
  <datafield tag="035" ind1=" " ind2=" ">
    <subfield code="a">(Sirsi) a778952</subfield>
  </datafield>
  <datafield tag="084" ind1=" " ind2=" ">
    <subfield code="a">+FRAN 1 GUI C.3</subfield>
    <subfield code="2">cncodoc</subfield>
  </datafield>
  <datafield tag="245" ind1="0" ind2="0">
    <subfield code="a">Mémo 1 :</subfield>
    <subfield code="b">Documents reproductibles étape 4 /</subfield>
    <subfield code="c">Suzanne Guillemette, Ginette Létourneau et Nicole Raymond</subfield>
  </datafield>
  <datafield tag="260" ind1=" " ind2=" ">
    <subfield code="a">Boucherville, Que :</subfield>
    <subfield code="b">Les publications Graficor (1989) inc,</subfield>
    <subfield code="c">1991.</subfield>
  </datafield>
  <datafield tag="349" ind1=" " ind2=" ">
    <subfield code="a">documents reproductibles</subfield>
  </datafield>
  <datafield tag="500" ind1=" " ind2=" ">
    <subfield code="a">1re année</subfield>
  </datafield>
  <datafield tag="650" ind1=" " ind2="6">
    <subfield code="a">Français (Langue)</subfield>
    <subfield code="x">Sciences naturelles</subfield>
    <subfield code="x">Sciences humaines</subfield>
    <subfield code="x">Étude et enseignement (Primaire)</subfield>
    <subfield code="x">fiches reproductibles</subfield>
    <subfield code="y">1re année</subfield>
  </datafield>
  <datafield tag="700" ind1="1" ind2=" ">
    <subfield code="a">Guillemette, Suzanne</subfield>
  </datafield>
  <datafield tag="700" ind1="1" ind2=" ">
    <subfield code="a">Letourneau, Ginette</subfield>
  </datafield>
  <datafield tag="700" ind1="1" ind2=" ">
    <subfield code="a">Raymond, Nicole</subfield>
  </datafield>
  <datafield tag="949" ind1=" " ind2=" ">
    <subfield code="a">FRAN 1 GUI</subfield>
    <subfield code="w">ALPHANUM</subfield>
    <subfield code="c">3</subfield>
    <subfield code="i">30007005240006</subfield>
    <subfield code="r">Y</subfield>
    <subfield code="t">BOOKS</subfield>
    <subfield code="l">EDUC-CIRC</subfield>
    <subfield code="m">BR2</subfield>
    <subfield code="o">.COMMENT. NOMPROF Beauchemin, C.</subfield>
    <subfield code="o">.COMMENT. COURS Français</subfield>
    <subfield code="o">.COMMENT. DATEXPR 2000-12-31</subfield>
  </datafield>
  <datafield tag="596" ind1=" " ind2=" ">
    <subfield code="a">10</subfield>
  </datafield>
  <datafield tag="999" ind1=" " ind2=" ">
    <subfield code="a">FRA 3 GUI d.4</subfield>
    <subfield code="w">ALPHANUM</subfield>
    <subfield code="c">1</subfield>
    <subfield code="i">30009000020656</subfield>
    <subfield code="l">EDUC-REF</subfield>
    <subfield code="m">BR2</subfield>
    <subfield code="r">N</subfield>
    <subfield code="s">Y</subfield>
    <subfield code="t">BOOKS</subfield>
    <subfield code="u">6/9/2006</subfield>
  </datafield>
</record>