
<record xmlns="http://www.loc.gov/MARC21/slim">
  <leader>00956cam a2200193   4500</leader>
  <controlfield tag="008">060906r19691854nyu           001 0 eng u</controlfield>
  <datafield tag="010" ind1=" " ind2=" ">
    <subfield code="a">   77094466</subfield>
  </datafield>
  <datafield tag="035" ind1=" " ind2=" ">
    <subfield code="a">(Sirsi) a778965</subfield>
  </datafield>
  <datafield tag="043" ind1=" " ind2=" ">
    <subfield code="a">n-us---</subfield>
  </datafield>
  <datafield tag="090" ind1=" " ind2=" ">
    <subfield code="a">E 77 S383 1969 REF</subfield>
  </datafield>
  <datafield tag="100" ind1="1" ind2=" ">
    <subfield code="a">Nichols, Frances Sellman Gaither,</subfield>
    <subfield code="d">1869-</subfield>
  </datafield>
  <datafield tag="245" ind1="1" ind2="0">
    <subfield code="a">Index to Schoolcraft&apos;s Indian tribes of the United States /  </subfield>
    <subfield code="c">compiled by Frances S. Nichols.</subfield>
  </datafield>
  <datafield tag="260" ind1=" " ind2=" ">
    <subfield code="a">New York :</subfield>
    <subfield code="b">Paladin Press,</subfield>
    <subfield code="c">1969.</subfield>
  </datafield>
  <datafield tag="300" ind1=" " ind2=" ">
    <subfield code="a">vi, 257 p. ;</subfield>
    <subfield code="c">23 cm.</subfield>
  </datafield>
  <datafield tag="500" ind1=" " ind2=" ">
    <subfield code="a">Reprint of the 1954 ed., which was issued as Bulletin 152 of the Smithsonian Institution, Bureau of American Ethnology.</subfield>
  </datafield>
  <datafield tag="650" ind1=" " ind2="0">
    <subfield code="a">Indians of North America</subfield>
    <subfield code="x">Indexes.</subfield>
  </datafield>
  <datafield tag="700" ind1="1" ind2=" ">
    <subfield code="a">Schoolcraft, Henry Rowe,</subfield>
    <subfield code="d">1793-1864..</subfield>
    <subfield code="t">Historical and          statistical information respecting the history, condition, and prospects of the Indian tribes of the United States.</subfield>
  </datafield>
  <datafield tag="596" ind1=" " ind2=" ">
    <subfield code="a">6</subfield>
  </datafield>
  <datafield tag="999" ind1=" " ind2=" ">
    <subfield code="a">E 77 S383 1969 REF</subfield>
    <subfield code="w">LC</subfield>
    <subfield code="c">1</subfield>
    <subfield code="i">31520001009026</subfield>
    <subfield code="l">ALGO-REF</subfield>
    <subfield code="m">BR4</subfield>
    <subfield code="r">N</subfield>
    <subfield code="s">Y</subfield>
    <subfield code="t">REFERENCE</subfield>
    <subfield code="u">6/9/2006</subfield>
  </datafield>
</record>