
<record xmlns="http://www.loc.gov/MARC21/slim">
  <leader>01843cam a2200289   4500</leader>
  <controlfield tag="008">060906s1970    nyuaf         000 0 eng  </controlfield>
  <datafield tag="035" ind1=" " ind2=" ">
    <subfield code="a">(Sirsi) a778966</subfield>
  </datafield>
  <datafield tag="043" ind1=" " ind2=" ">
    <subfield code="a">n------</subfield>
  </datafield>
  <datafield tag="090" ind1=" " ind2=" ">
    <subfield code="a">E 78 C979 1970 REF</subfield>
  </datafield>
  <datafield tag="100" ind1="1" ind2=" ">
    <subfield code="a">Curtis, Edward S.,</subfield>
    <subfield code="d">1868-1952.</subfield>
  </datafield>
  <datafield tag="245" ind1="1" ind2="0">
    <subfield code="a">The North American Indian :</subfield>
    <subfield code="b">list of large plates supplementing [volumes one to twenty] /</subfield>
    <subfield code="c">[Edward S. Curtis].</subfield>
  </datafield>
  <datafield tag="260" ind1=" " ind2=" ">
    <subfield code="a">New York :</subfield>
    <subfield code="b">Johnson Reprint,</subfield>
    <subfield code="c">1970.</subfield>
  </datafield>
  <datafield tag="300" ind1=" " ind2=" ">
    <subfield code="a">4 v.  (722, i.e. 723 plates) :</subfield>
    <subfield code="b">ill. ;</subfield>
    <subfield code="c">32 cm.</subfield>
  </datafield>
  <datafield tag="440" ind1=" " ind2="0">
    <subfield code="a">Landmarks in anthropology</subfield>
  </datafield>
  <datafield tag="500" ind1=" " ind2=" ">
    <subfield code="a">Two different plates are numbered 400.</subfield>
  </datafield>
  <datafield tag="500" ind1=" " ind2=" ">
    <subfield code="a">Supplementary volumes to &quot;The North American Indian, being a series of volumes picturing and describing the Indians of the United States and Alaska&quot; / by Edward S. Curtis ; edited by Frederick Webb Hodge ; foreword by Theodore Roosevelt ; field research conducted under the patronage of J. Piermont Morgan.</subfield>
  </datafield>
  <datafield tag="500" ind1=" " ind2=" ">
    <subfield code="a">20 supplements in 4 volumes, each with individual title pages.</subfield>
  </datafield>
  <datafield tag="505" ind1=" " ind2=" ">
    <subfield code="a">[v.1] List of large plates supplementing v.1-5. -- [v.2] List of          large plates supplementing v.6-10. -- [v.3] List of large plates supplementing v.11-15. -- [v.4] List of large plates supplementing v. 16-20.</subfield>
  </datafield>
  <datafield tag="650" ind1=" " ind2="0">
    <subfield code="a">Indians of North America.</subfield>
  </datafield>
  <datafield tag="650" ind1=" " ind2="0">
    <subfield code="a">Indians of North America</subfield>
    <subfield code="x">Languages.</subfield>
  </datafield>
  <datafield tag="700" ind1="1" ind2=" ">
    <subfield code="a">Hodge, Frederick Webb,</subfield>
    <subfield code="d">1864-1956.</subfield>
  </datafield>
  <datafield tag="700" ind1="1" ind2=" ">
    <subfield code="a">Roosevelt, Theodore,</subfield>
    <subfield code="d">1858-1919.</subfield>
  </datafield>
  <datafield tag="596" ind1=" " ind2=" ">
    <subfield code="a">6</subfield>
  </datafield>
  <datafield tag="999" ind1=" " ind2=" ">
    <subfield code="a">E 78 C979 1970 vol. 1 REF</subfield>
    <subfield code="w">LC</subfield>
    <subfield code="c">1</subfield>
    <subfield code="i">31520001009463</subfield>
    <subfield code="l">ALGO-REF</subfield>
    <subfield code="m">BR4</subfield>
    <subfield code="r">N</subfield>
    <subfield code="s">Y</subfield>
    <subfield code="t">REFERENCE</subfield>
    <subfield code="u">6/9/2006</subfield>
  </datafield>
  <datafield tag="999" ind1=" " ind2=" ">
    <subfield code="a">E 78 C979 1970 vol. 2 REF</subfield>
    <subfield code="w">LC</subfield>
    <subfield code="c">1</subfield>
    <subfield code="i">31520001009414</subfield>
    <subfield code="l">ALGO-REF</subfield>
    <subfield code="m">BR4</subfield>
    <subfield code="r">N</subfield>
    <subfield code="s">Y</subfield>
    <subfield code="t">REFERENCE</subfield>
    <subfield code="u">7/9/2006</subfield>
  </datafield>
  <datafield tag="999" ind1=" " ind2=" ">
    <subfield code="a">E 78 C979 1970 vol. 3 REF</subfield>
    <subfield code="w">LC</subfield>
    <subfield code="c">1</subfield>
    <subfield code="i">31520001009364</subfield>
    <subfield code="l">ALGO-REF</subfield>
    <subfield code="m">BR4</subfield>
    <subfield code="r">N</subfield>
    <subfield code="s">Y</subfield>
    <subfield code="t">REFERENCE</subfield>
    <subfield code="u">7/9/2006</subfield>
  </datafield>
  <datafield tag="999" ind1=" " ind2=" ">
    <subfield code="a">E 78 C979 1970 vol. 4 REF</subfield>
    <subfield code="w">LC</subfield>
    <subfield code="c">1</subfield>
    <subfield code="i">31520001009315</subfield>
    <subfield code="l">ALGO-REF</subfield>
    <subfield code="m">BR4</subfield>
    <subfield code="r">N</subfield>
    <subfield code="s">Y</subfield>
    <subfield code="t">REFERENCE</subfield>
    <subfield code="u">7/9/2006</subfield>
  </datafield>
</record>