
<record xmlns="http://www.loc.gov/MARC21/slim">
  <leader>00905cas a2200241   4500</leader>
  <controlfield tag="008">060907c20069999sz i         i0   0 eng u</controlfield>
  <datafield tag="010" ind1=" " ind2=" ">
    <subfield code="a">  2006204303</subfield>
  </datafield>
  <datafield tag="035" ind1=" " ind2=" ">
    <subfield code="a">(Sirsi) a778968</subfield>
  </datafield>
  <datafield tag="035" ind1=" " ind2=" ">
    <subfield code="a">(Sirsi) a778968</subfield>
  </datafield>
  <datafield tag="040" ind1=" " ind2=" ">
    <subfield code="d">UtOrBLW</subfield>
  </datafield>
  <datafield tag="050" ind1="0" ind2="0">
    <subfield code="a">HF1585.5</subfield>
    <subfield code="b">.T73</subfield>
  </datafield>
  <datafield tag="245" ind1="0" ind2="0">
    <subfield code="a">Trade policy review :</subfield>
    <subfield code="b">United Arab Emirates.</subfield>
  </datafield>
  <datafield tag="260" ind1=" " ind2=" ">
    <subfield code="a">Geneva :</subfield>
    <subfield code="b">World Trade Organization ;</subfield>
    <subfield code="a">Lanham, MD:</subfield>
    <subfield code="b">Bernan Associates,</subfield>
    <subfield code="c">2006-</subfield>
  </datafield>
  <datafield tag="300" ind1=" " ind2=" ">
    <subfield code="a">v.</subfield>
  </datafield>
  <datafield tag="310" ind1=" " ind2=" ">
    <subfield code="a">Irregular</subfield>
  </datafield>
  <datafield tag="362" ind1="0" ind2=" ">
    <subfield code="a">2006-</subfield>
  </datafield>
  <datafield tag="596" ind1=" " ind2=" ">
    <subfield code="a">1</subfield>
  </datafield>
  <datafield tag="650" ind1=" " ind2="0">
    <subfield code="a">Foreign trade regulation</subfield>
    <subfield code="z">United Arab Emirates</subfield>
    <subfield code="v">Periodicals.</subfield>
  </datafield>
  <datafield tag="651" ind1=" " ind2="0">
    <subfield code="a">Foregin trade regulation</subfield>
    <subfield code="z">United Arab Emirates</subfield>
    <subfield code="v">Periodicals.</subfield>
  </datafield>
  <datafield tag="651" ind1=" " ind2="0">
    <subfield code="a">United Arab Emirates</subfield>
    <subfield code="z">Commercial policy</subfield>
    <subfield code="v">Periodicals.</subfield>
  </datafield>
  <datafield tag="710" ind1="2" ind2=" ">
    <subfield code="a">World Trade Organization.</subfield>
  </datafield>
  <datafield tag="349" ind1=" " ind2=" ">
    <subfield code="a">Public Documents/Publications officielles</subfield>
  </datafield>
  <datafield tag="999" ind1=" " ind2=" ">
    <subfield code="a">HF 1585.5 T73 Per.</subfield>
    <subfield code="w">LC</subfield>
    <subfield code="c">1</subfield>
    <subfield code="i">778968-1001</subfield>
    <subfield code="l">DESM-PER</subfield>
    <subfield code="m">BR1</subfield>
    <subfield code="r">Y</subfield>
    <subfield code="s">Y</subfield>
    <subfield code="t">PERIODICAL</subfield>
    <subfield code="u">7/9/2006</subfield>
    <subfield code="x">DOCUMENTS</subfield>
  </datafield>
</record>
<record xmlns="http://www.loc.gov/MARC21/slim">
  <leader>00411cy  a22001214  4500</leader>
  <controlfield tag="001">42956</controlfield>
  <controlfield tag="008">060907                eng 060907        </controlfield>
  <datafield tag="035" ind1=" " ind2=" ">
    <subfield code="a">(Sirsi) a778968</subfield>
  </datafield>
  <datafield tag="852" ind1=" " ind2=" ">
    <subfield code="b">BR1</subfield>
    <subfield code="c">DESM-PER</subfield>
    <subfield code="h">Hf 1585.5 T73 Per.</subfield>
  </datafield>
  <datafield tag="853" ind1="2" ind2=" ">
    <subfield code="8">1</subfield>
    <subfield code="a">v.</subfield>
    <subfield code="b">no.</subfield>
    <subfield code="u">156</subfield>
    <subfield code="v">r</subfield>
    <subfield code="i">(year)</subfield>
    <subfield code="j">(month)</subfield>
    <subfield code="k">(day)</subfield>
  </datafield>
  <datafield tag="853" ind1="2" ind2=" ">
    <subfield code="8">2</subfield>
    <subfield code="a">(year)</subfield>
  </datafield>
  <datafield tag="863" ind1=" " ind2="1">
    <subfield code="8">2.1</subfield>
    <subfield code="a">2006</subfield>
  </datafield>
  <datafield tag="999" ind1=" " ind2=" ">
    <subfield code="a">HF 1585.5 T73 Per.</subfield>
    <subfield code="w">LC</subfield>
    <subfield code="c">1</subfield>
    <subfield code="i">778968-1001</subfield>
    <subfield code="l">DESM-PER</subfield>
    <subfield code="m">BR1</subfield>
    <subfield code="r">Y</subfield>
    <subfield code="s">Y</subfield>
    <subfield code="t">PERIODICAL</subfield>
    <subfield code="u">7/9/2006</subfield>
    <subfield code="x">DOCUMENTS</subfield>
  </datafield>
</record>