
<record xmlns="http://www.loc.gov/MARC21/slim">
  <leader>01641cgm a2200373   4500</leader>
  <controlfield tag="008">060907s        nyu           00  0 eng  </controlfield>
  <controlfield tag="007">vd cvaizs</controlfield>
  <datafield tag="020" ind1=" " ind2=" ">
    <subfield code="a">076708750X</subfield>
  </datafield>
  <datafield tag="035" ind1=" " ind2=" ">
    <subfield code="a">(Sirsi) a778969</subfield>
  </datafield>
  <datafield tag="040" ind1=" " ind2=" ">
    <subfield code="a"> WVF</subfield>
    <subfield code="c">WVF</subfield>
    <subfield code="d">RCS</subfield>
    <subfield code="d">IBI</subfield>
    <subfield code="d">UtOrBLW</subfield>
  </datafield>
  <datafield tag="050" ind1=" " ind2="0">
    <subfield code="a">QH 361</subfield>
    <subfield code="b">A64 2005 DVD</subfield>
  </datafield>
  <datafield tag="245" ind1="0" ind2="0">
    <subfield code="a">Ape to man</subfield>
    <subfield code="h">[videorecording] /</subfield>
    <subfield code="c">directed by Nic Young ;       produced by Anna Thomson ; executive producer, Bill Locke ; produced by Lion Television.</subfield>
  </datafield>
  <datafield tag="260" ind1=" " ind2=" ">
    <subfield code="a">[New York?] :</subfield>
    <subfield code="b">A&amp;E Television Networks ;</subfield>
    <subfield code="b">distributed by New Video, 2005.</subfield>
  </datafield>
  <datafield tag="300" ind1=" " ind2=" ">
    <subfield code="a">1 videodisc ( 100 min.) :</subfield>
    <subfield code="b">sdd., col. ;</subfield>
    <subfield code="c">4 3/4 in.</subfield>
  </datafield>
  <datafield tag="500" ind1=" " ind2=" ">
    <subfield code="a">FOR CLASSROOM USE ONLY (PPR)</subfield>
  </datafield>
  <datafield tag="500" ind1=" " ind2=" ">
    <subfield code="a">DVD.</subfield>
  </datafield>
  <datafield tag="500" ind1=" " ind2=" ">
    <subfield code="a">Originally broadcast on &quot;The History Channel&quot;.</subfield>
  </datafield>
  <datafield tag="508" ind1=" " ind2=" ">
    <subfield code="a">Editor, Crispin Holland; cinematography, Brian McDairmant; music, Ilan Eshkeri.</subfield>
  </datafield>
  <datafield tag="511" ind1="0" ind2=" ">
    <subfield code="a">[Narrated by Edward Hermann.]</subfield>
  </datafield>
  <datafield tag="520" ind1=" " ind2=" ">
    <subfield code="a">The video chronicles the discoveries and theories that have led to our current understanding of evolution, including discarded postualtes, an elaborate hoax that baffled science and the key elements that separate man from ape.</subfield>
  </datafield>
  <datafield tag="538" ind1=" " ind2=" ">
    <subfield code="a">DVD; Dolby Digital stereo.</subfield>
  </datafield>
  <datafield tag="650" ind1=" " ind2="0">
    <subfield code="a">Evolution</subfield>
  </datafield>
  <datafield tag="650" ind1=" " ind2="0">
    <subfield code="a">Evolution (Biology)</subfield>
  </datafield>
  <datafield tag="650" ind1=" " ind2="0">
    <subfield code="a">Documentary television programs</subfield>
  </datafield>
  <datafield tag="700" ind1="1" ind2=" ">
    <subfield code="a">Young, Nic.</subfield>
  </datafield>
  <datafield tag="700" ind1="1" ind2=" ">
    <subfield code="a">Thomson, Anna.</subfield>
  </datafield>
  <datafield tag="700" ind1="1" ind2=" ">
    <subfield code="a">Locke, Bill.</subfield>
  </datafield>
  <datafield tag="700" ind1="1" ind2=" ">
    <subfield code="a">Hermann, Edward.</subfield>
  </datafield>
  <datafield tag="710" ind1="2" ind2=" ">
    <subfield code="a">Lion Television Ltd.</subfield>
  </datafield>
  <datafield tag="710" ind1="2" ind2=" ">
    <subfield code="a">Arts and Enterntainment Network.</subfield>
  </datafield>
  <datafield tag="710" ind1="2" ind2=" ">
    <subfield code="a">New Video Group.</subfield>
  </datafield>
  <datafield tag="710" ind1="2" ind2=" ">
    <subfield code="a">History Channel (Television Network)</subfield>
  </datafield>
  <datafield tag="596" ind1=" " ind2=" ">
    <subfield code="a">6</subfield>
  </datafield>
  <datafield tag="999" ind1=" " ind2=" ">
    <subfield code="a">QH 361 A64 2005 DVD</subfield>
    <subfield code="w">LC</subfield>
    <subfield code="c">1</subfield>
    <subfield code="i">31520001005941</subfield>
    <subfield code="l">ALGO-AV</subfield>
    <subfield code="m">BR4</subfield>
    <subfield code="r">Y</subfield>
    <subfield code="s">Y</subfield>
    <subfield code="t">DVD</subfield>
    <subfield code="u">7/9/2006</subfield>
  </datafield>
</record>