
<record xmlns="http://www.loc.gov/MARC21/slim">
  <leader>01509cgm a2200337   4500</leader>
  <controlfield tag="008">060907s2005    mau     0    0    0 eng  </controlfield>
  <controlfield tag="007">vd cvaizu</controlfield>
  <datafield tag="020" ind1=" " ind2=" ">
    <subfield code="a">1593751311</subfield>
  </datafield>
  <datafield tag="035" ind1=" " ind2=" ">
    <subfield code="a">(Sirsi) a778972</subfield>
  </datafield>
  <datafield tag="040" ind1=" " ind2=" ">
    <subfield code="a">UUM</subfield>
    <subfield code="c">UUM</subfield>
    <subfield code="d">RCS</subfield>
    <subfield code="d">C@R</subfield>
    <subfield code="d">OCLCQ</subfield>
    <subfield code="d">OCL</subfield>
    <subfield code="d">SFB</subfield>
  </datafield>
  <datafield tag="043" ind1=" " ind2=" ">
    <subfield code="a">n------</subfield>
    <subfield code="a">s------</subfield>
  </datafield>
  <datafield tag="050" ind1=" " ind2="0">
    <subfield code="a">E 103</subfield>
    <subfield code="b">.A44 2005 DVD</subfield>
  </datafield>
  <datafield tag="245" ind1="0" ind2="0">
    <subfield code="a">America&apos;s stone age explorers</subfield>
    <subfield code="h">[videorecording] :</subfield>
    <subfield code="b">where  did the first Americans come from? /</subfield>
    <subfield code="c">a TV6 production for  BBC and WGBH Boston ; produced by Gary Glassman and Nigel  Levy ; narration written by Gary Glassman.</subfield>
  </datafield>
  <datafield tag="260" ind1=" " ind2=" ">
    <subfield code="a">Boston, Mass. :</subfield>
    <subfield code="b">WGBH Boston Video,</subfield>
    <subfield code="c">c2005.</subfield>
  </datafield>
  <datafield tag="300" ind1=" " ind2=" ">
    <subfield code="a">1 videodisc (60 min.) :</subfield>
    <subfield code="b">sd., col. ;</subfield>
    <subfield code="c">4 3/4 in.</subfield>
  </datafield>
  <datafield tag="500" ind1=" " ind2=" ">
    <subfield code="a">Title from container.</subfield>
  </datafield>
  <datafield tag="500" ind1=" " ind2=" ">
    <subfield code="a">FOR CLASSROOM USE ONLY (PPR)</subfield>
  </datafield>
  <datafield tag="500" ind1=" " ind2=" ">
    <subfield code="a">DVD.</subfield>
  </datafield>
  <datafield tag="500" ind1=" " ind2=" ">
    <subfield code="a">Originally produced on PBS Television as a segment of the television program Nova.</subfield>
  </datafield>
  <datafield tag="520" ind1=" " ind2=" ">
    <subfield code="a">Archaeological experts and others challenge the theory      that the first Americans arrived in America around 13,500 years ago and suggest possi</subfield>
  </datafield>
  <datafield tag="651" ind1=" " ind2="0">
    <subfield code="a">America</subfield>
    <subfield code="x">Discovery and exploration</subfield>
    <subfield code="x">Pre-Columbian.</subfield>
  </datafield>
  <datafield tag="650" ind1=" " ind2="0">
    <subfield code="a">Documentary television programs.</subfield>
  </datafield>
  <datafield tag="700" ind1="1" ind2=" ">
    <subfield code="a">Glassman, Gary.</subfield>
  </datafield>
  <datafield tag="700" ind1="1" ind2=" ">
    <subfield code="a">Levy, Nigel.</subfield>
  </datafield>
  <datafield tag="710" ind1="2" ind2=" ">
    <subfield code="a">WGBH (Television station : Boston, Mass.)</subfield>
  </datafield>
  <datafield tag="710" ind1="2" ind2=" ">
    <subfield code="a">WGBH Video (Firm)</subfield>
  </datafield>
  <datafield tag="710" ind1="2" ind2=" ">
    <subfield code="a">TV6 (Firm)</subfield>
  </datafield>
  <datafield tag="710" ind1="2" ind2=" ">
    <subfield code="a">British Broadcasting Corporation.</subfield>
  </datafield>
  <datafield tag="730" ind1="0" ind2=" ">
    <subfield code="a">Nova (Television program)</subfield>
  </datafield>
  <datafield tag="596" ind1=" " ind2=" ">
    <subfield code="a">6</subfield>
  </datafield>
  <datafield tag="999" ind1=" " ind2=" ">
    <subfield code="a">E 103 A44 2005 DVD</subfield>
    <subfield code="w">LC</subfield>
    <subfield code="c">1</subfield>
    <subfield code="i">31520001005990</subfield>
    <subfield code="l">ALGO-AV</subfield>
    <subfield code="m">BR4</subfield>
    <subfield code="r">Y</subfield>
    <subfield code="s">Y</subfield>
    <subfield code="t">DVD</subfield>
    <subfield code="u">7/9/2006</subfield>
  </datafield>
</record>