
<record xmlns="http://www.loc.gov/MARC21/slim">
  <leader>01196cam a2200229   4500</leader>
  <controlfield tag="008">060907s2006    su a          000 0 eng u</controlfield>
  <datafield tag="020" ind1=" " ind2=" ">
    <subfield code="a">0960116461</subfield>
  </datafield>
  <datafield tag="020" ind1=" " ind2=" ">
    <subfield code="a">9780960116454</subfield>
  </datafield>
  <datafield tag="035" ind1=" " ind2=" ">
    <subfield code="a">(Sirsi) a778992</subfield>
  </datafield>
  <datafield tag="035" ind1=" " ind2=" ">
    <subfield code="a">(Sirsi) a778992</subfield>
  </datafield>
  <datafield tag="040" ind1=" " ind2=" ">
    <subfield code="d">UtOrBLW</subfield>
  </datafield>
  <datafield tag="050" ind1=" " ind2="4">
    <subfield code="a">HD9576.S33</subfield>
    <subfield code="b">.E53 2006</subfield>
  </datafield>
  <datafield tag="245" ind1="0" ind2="4">
    <subfield code="a">The Energy within :</subfield>
    <subfield code="b">a photo history of the people of Saudi Aramco /</subfield>
    <subfield code="c">edited by Kyle L. Pakka.</subfield>
  </datafield>
  <datafield tag="260" ind1=" " ind2=" ">
    <subfield code="a">Dhahran, Saudi Arabia :</subfield>
    <subfield code="b">Saudi Arabian Oil Company (Saudi Aramco),</subfield>
    <subfield code="c">2006.</subfield>
  </datafield>
  <datafield tag="300" ind1=" " ind2=" ">
    <subfield code="a">153 p. :</subfield>
    <subfield code="b">ill.</subfield>
  </datafield>
  <datafield tag="505" ind1="0" ind2=" ">
    <subfield code="a">Dhahran through the years. -- 1930-1939: Origins. -- 1940-1949: Foundations. -- 1950-1959: Momentum. -- 1960-1969: Development. -- 1970-1979: Growth. -- 1980-1989: Transformation. -- 1990-1999: Global reach. -- 2000-2005: The new millennium. -- Company officers. -- Maps. -- Company photographers.</subfield>
  </datafield>
  <datafield tag="596" ind1=" " ind2=" ">
    <subfield code="a">1</subfield>
  </datafield>
  <datafield tag="650" ind1=" " ind2="0">
    <subfield code="a">Petroleum workers</subfield>
    <subfield code="x">Training of</subfield>
    <subfield code="z">Saudi Arabia</subfield>
    <subfield code="x">History.</subfield>
  </datafield>
  <datafield tag="650" ind1=" " ind2="0">
    <subfield code="a">Petroleum industry and trade</subfield>
    <subfield code="z">Saudi Arabia</subfield>
    <subfield code="x">History.</subfield>
  </datafield>
  <datafield tag="651" ind1=" " ind2="0">
    <subfield code="a">Saudi Aramco</subfield>
    <subfield code="x">Employees</subfield>
    <subfield code="x">Training of</subfield>
    <subfield code="x">History</subfield>
  </datafield>
  <datafield tag="700" ind1="1" ind2=" ">
    <subfield code="a">Pakka, Kyle L.</subfield>
  </datafield>
  <datafield tag="999" ind1=" " ind2=" ">
    <subfield code="a">HD 9576 S33 E53 2006</subfield>
    <subfield code="w">LC</subfield>
    <subfield code="c">1</subfield>
    <subfield code="i">30007008187931</subfield>
    <subfield code="d">12/5/2006</subfield>
    <subfield code="e">11/30/2006</subfield>
    <subfield code="l">DESM-CIR</subfield>
    <subfield code="m">BR1</subfield>
    <subfield code="n">5</subfield>
    <subfield code="r">Y</subfield>
    <subfield code="s">Y</subfield>
    <subfield code="t">BOOKS</subfield>
    <subfield code="u">7/9/2006</subfield>
    <subfield code="x">GIFTS</subfield>
  </datafield>
</record>