
<record xmlns="http://www.loc.gov/MARC21/slim">
  <leader>00872cam a2200253 a 4500</leader>
  <controlfield tag="008">930222s2000    onc      b          eng g</controlfield>
  <datafield tag="020" ind1=" " ind2=" ">
    <subfield code="a">0176167633</subfield>
  </datafield>
  <datafield tag="035" ind1=" " ind2=" ">
    <subfield code="a">(Sirsi) a779006</subfield>
  </datafield>
  <datafield tag="035" ind1=" " ind2=" ">
    <subfield code="a">(Sirsi) BCP-8917</subfield>
  </datafield>
  <datafield tag="035" ind1="0" ind2="0">
    <subfield code="i">MARION/AOE-6967/CANNING</subfield>
  </datafield>
  <datafield tag="040" ind1=" " ind2=" ">
    <subfield code="a">CaOTU</subfield>
    <subfield code="b">eng</subfield>
    <subfield code="c">CaOTU</subfield>
  </datafield>
  <datafield tag="055" ind1=" " ind2="1">
    <subfield code="a">HV8073</subfield>
  </datafield>
  <datafield tag="082" ind1="0" ind2=" ">
    <subfield code="a">363.2/5</subfield>
    <subfield code="2">20</subfield>
  </datafield>
  <datafield tag="090" ind1=" " ind2="8">
    <subfield code="a">HV 8073 .A72 2000</subfield>
    <subfield code="b">ERIN</subfield>
  </datafield>
  <datafield tag="100" ind1="1" ind2=" ">
    <subfield code="a">Arcaro, Gino,</subfield>
    <subfield code="d">1957-</subfield>
  </datafield>
  <datafield tag="245" ind1="1" ind2="0">
    <subfield code="a">Criminal investigation :</subfield>
    <subfield code="b">forming reasonable grounds /</subfield>
    <subfield code="c">Gino Arcaro.</subfield>
  </datafield>
  <datafield tag="250" ind1=" " ind2="0">
    <subfield code="a">3rd ed.</subfield>
  </datafield>
  <datafield tag="260" ind1=" " ind2=" ">
    <subfield code="a">Scarborough, Ont. :</subfield>
    <subfield code="b">ITP Nelson,</subfield>
    <subfield code="c">2000.</subfield>
  </datafield>
  <datafield tag="300" ind1=" " ind2=" ">
    <subfield code="a">xvi, 414 p.</subfield>
  </datafield>
  <datafield tag="504" ind1=" " ind2=" ">
    <subfield code="a">Includes bibliographical references (p. 406-409) and index.</subfield>
  </datafield>
  <datafield tag="650" ind1=" " ind2="0">
    <subfield code="a">Criminal investigation.</subfield>
  </datafield>
  <datafield tag="948" ind1=" " ind2=" ">
    <subfield code="a">02/05/2001</subfield>
    <subfield code="b">02/05/2001</subfield>
  </datafield>
  <datafield tag="596" ind1=" " ind2=" ">
    <subfield code="a">1</subfield>
  </datafield>
  <datafield tag="999" ind1=" " ind2=" ">
    <subfield code="a">HV 8073 A7315 2000</subfield>
    <subfield code="w">LC</subfield>
    <subfield code="c">1</subfield>
    <subfield code="i">30007008191578</subfield>
    <subfield code="d">4/5/2007</subfield>
    <subfield code="e">3/18/2007</subfield>
    <subfield code="l">DESM-CIR</subfield>
    <subfield code="m">BR1</subfield>
    <subfield code="n">1</subfield>
    <subfield code="r">Y</subfield>
    <subfield code="s">Y</subfield>
    <subfield code="t">BOOKS</subfield>
    <subfield code="u">7/9/2006</subfield>
    <subfield code="x">GIFTS</subfield>
  </datafield>
</record>