
<record xmlns="http://www.loc.gov/MARC21/slim">
  <leader>01058cam a2200313 a 4500</leader>
  <controlfield tag="003">CaOONL</controlfield>
  <controlfield tag="005">19980203074204.0</controlfield>
  <controlfield tag="001">2556966</controlfield>
  <controlfield tag="008">970912s1998    onca     b    001   eng  </controlfield>
  <datafield tag="020" ind1=" " ind2=" ">
    <subfield code="a">0136934269 :</subfield>
    <subfield code="c">$39.95</subfield>
  </datafield>
  <datafield tag="035" ind1=" " ind2=" ">
    <subfield code="a">(Sirsi) a779011</subfield>
  </datafield>
  <datafield tag="035" ind1=" " ind2=" ">
    <subfield code="a">(Sirsi) AOP-0799</subfield>
  </datafield>
  <datafield tag="035" ind1="0" ind2="0">
    <subfield code="i">CNMRCT/ACX-1171/CBOURGON</subfield>
  </datafield>
  <datafield tag="040" ind1=" " ind2=" ">
    <subfield code="a">CaOTU</subfield>
    <subfield code="b">eng</subfield>
    <subfield code="c">CaOTU</subfield>
    <subfield code="d">CaOONL</subfield>
    <subfield code="d">AEML</subfield>
  </datafield>
  <datafield tag="043" ind1=" " ind2=" ">
    <subfield code="a">n-cn---</subfield>
  </datafield>
  <datafield tag="055" ind1="0" ind2="2">
    <subfield code="a">HV8291*</subfield>
  </datafield>
  <datafield tag="055" ind1=" " ind2="3">
    <subfield code="a">HV8291 C3</subfield>
    <subfield code="b">G46 1998</subfield>
  </datafield>
  <datafield tag="055" ind1="0" ind2="0">
    <subfield code="a">HV8291 C3</subfield>
    <subfield code="b">G46 1998</subfield>
  </datafield>
  <datafield tag="082" ind1="0" ind2=" ">
    <subfield code="a">363.2/89/0971</subfield>
    <subfield code="2">21</subfield>
  </datafield>
  <datafield tag="090" ind1=" " ind2=" ">
    <subfield code="a">HV 8291 C2 G4 1998</subfield>
    <subfield code="b">AEML</subfield>
  </datafield>
  <datafield tag="100" ind1="1" ind2=" ">
    <subfield code="a">Gerden, Robert J.</subfield>
  </datafield>
  <datafield tag="245" ind1="1" ind2="0">
    <subfield code="a">Private security :</subfield>
    <subfield code="b">a Canadian perspective /</subfield>
    <subfield code="c">Robert J. Gerden.</subfield>
  </datafield>
  <datafield tag="260" ind1=" " ind2=" ">
    <subfield code="a">Scarborough, Ont. :</subfield>
    <subfield code="b">Prentice Hall Canada Career &amp; Technology,</subfield>
    <subfield code="c">c1998.</subfield>
  </datafield>
  <datafield tag="300" ind1=" " ind2=" ">
    <subfield code="a">150 p. :</subfield>
    <subfield code="b">ill. ;</subfield>
    <subfield code="c">24 cm.</subfield>
  </datafield>
  <datafield tag="504" ind1=" " ind2=" ">
    <subfield code="a">Includes bibliographical references and index.</subfield>
  </datafield>
  <datafield tag="650" ind1=" " ind2="0">
    <subfield code="a">Police, Private</subfield>
    <subfield code="z">Canada.</subfield>
  </datafield>
  <datafield tag="650" ind1=" " ind2="0">
    <subfield code="a">Private security services</subfield>
    <subfield code="z">Canada.</subfield>
  </datafield>
  <datafield tag="596" ind1=" " ind2=" ">
    <subfield code="a">1</subfield>
  </datafield>
  <datafield tag="999" ind1=" " ind2=" ">
    <subfield code="a">HV 8291 C3 G46 1998</subfield>
    <subfield code="w">LC</subfield>
    <subfield code="c">1</subfield>
    <subfield code="i">30007008191925</subfield>
    <subfield code="l">DESM-CIR</subfield>
    <subfield code="m">BR1</subfield>
    <subfield code="r">Y</subfield>
    <subfield code="s">Y</subfield>
    <subfield code="t">BOOKS</subfield>
    <subfield code="u">7/9/2006</subfield>
    <subfield code="x">GIFTS</subfield>
  </datafield>
</record>