
<record xmlns="http://www.loc.gov/MARC21/slim">
  <leader>00905cam a2200253 a 4500</leader>
  <controlfield tag="005">19950823115102.4</controlfield>
  <controlfield tag="008">950823s1995    nyua     b    001 0 eng  </controlfield>
  <datafield tag="020" ind1=" " ind2=" ">
    <subfield code="a">1568523467</subfield>
  </datafield>
  <datafield tag="035" ind1=" " ind2=" ">
    <subfield code="a">(Sirsi) a779014</subfield>
  </datafield>
  <datafield tag="035" ind1=" " ind2=" ">
    <subfield code="a">(Sirsi) AWP-8361</subfield>
  </datafield>
  <datafield tag="040" ind1=" " ind2=" ">
    <subfield code="a">DLC</subfield>
    <subfield code="c">DLC</subfield>
    <subfield code="d">CaOTU</subfield>
  </datafield>
  <datafield tag="045" ind1=" " ind2=" ">
    <subfield code="a">x4x4</subfield>
  </datafield>
  <datafield tag="050" ind1="0" ind2="0">
    <subfield code="a">D755.7</subfield>
    <subfield code="b">.W44 1995</subfield>
  </datafield>
  <datafield tag="082" ind1="0" ind2="0">
    <subfield code="a">940.54/25</subfield>
    <subfield code="2"> 20</subfield>
  </datafield>
  <datafield tag="090" ind1=" " ind2="8">
    <subfield code="a">D 755.7 .W44 1995X</subfield>
    <subfield code="b">ROBA</subfield>
    <subfield code="c">1</subfield>
  </datafield>
  <datafield tag="100" ind1="1" ind2=" ">
    <subfield code="a">Weintraub, Stanley,</subfield>
    <subfield code="d">1929-</subfield>
  </datafield>
  <datafield tag="245" ind1="1" ind2="4">
    <subfield code="a">The last great victory :</subfield>
    <subfield code="b">the end of World War II, July-August 1945  /</subfield>
    <subfield code="c">Stanley Weintraub.</subfield>
  </datafield>
  <datafield tag="260" ind1=" " ind2=" ">
    <subfield code="a">Old Saybrook, CT :</subfield>
    <subfield code="b">Konecky &amp; Konecky,</subfield>
    <subfield code="c">1995.</subfield>
  </datafield>
  <datafield tag="300" ind1=" " ind2=" ">
    <subfield code="a">xii, 730 p. :</subfield>
    <subfield code="b">ill., maps.</subfield>
  </datafield>
  <datafield tag="504" ind1=" " ind2=" ">
    <subfield code="a">Includes bibliographical references and index.</subfield>
  </datafield>
  <datafield tag="596" ind1=" " ind2=" ">
    <subfield code="a">1</subfield>
  </datafield>
  <datafield tag="650" ind1=" " ind2="0">
    <subfield code="a">World War, 1939-1945.</subfield>
  </datafield>
  <datafield tag="948" ind1=" " ind2=" ">
    <subfield code="a">08/23/1995</subfield>
    <subfield code="b">04/17/1999</subfield>
  </datafield>
  <datafield tag="999" ind1=" " ind2=" ">
    <subfield code="a">D 755.7 W44 1995</subfield>
    <subfield code="w">LC</subfield>
    <subfield code="c">1</subfield>
    <subfield code="i">30007008191479</subfield>
    <subfield code="d">4/4/2007</subfield>
    <subfield code="e">7/3/2007</subfield>
    <subfield code="l">DESM-CIR</subfield>
    <subfield code="m">BR1</subfield>
    <subfield code="n">2</subfield>
    <subfield code="r">Y</subfield>
    <subfield code="s">Y</subfield>
    <subfield code="t">BOOKS</subfield>
    <subfield code="u">7/9/2006</subfield>
    <subfield code="x">GIFTS</subfield>
  </datafield>
</record>