
<record xmlns="http://www.loc.gov/MARC21/slim">
  <leader>00741cam a2200193 a 4500</leader>
  <controlfield tag="001">23125159</controlfield>
  <controlfield tag="008">950517s1995    enka          000 0 eng u</controlfield>
  <datafield tag="020" ind1=" " ind2=" ">
    <subfield code="a">0702019313 (pbk) :</subfield>
    <subfield code="c">£35.00 : CIP entry (Aug.)</subfield>
  </datafield>
  <datafield tag="035" ind1=" " ind2=" ">
    <subfield code="a">(Sirsi) a779016</subfield>
  </datafield>
  <datafield tag="040" ind1=" " ind2=" ">
    <subfield code="a">Whitaker</subfield>
    <subfield code="b">eng</subfield>
    <subfield code="c">Whitaker</subfield>
    <subfield code="d">CaOONL</subfield>
    <subfield code="d">OrLoB-B</subfield>
    <subfield code="d">CaOSULN</subfield>
  </datafield>
  <datafield tag="099" ind1=" " ind2=" ">
    <subfield code="a">WB450.P5795 1995</subfield>
  </datafield>
  <datafield tag="245" ind1="0" ind2="0">
    <subfield code="a">Physiotherapy with older people /</subfield>
    <subfield code="c">edited by Barrie Pickles ... [et al.]</subfield>
  </datafield>
  <datafield tag="260" ind1=" " ind2=" ">
    <subfield code="a">London :</subfield>
    <subfield code="b">Saunders,</subfield>
    <subfield code="c">1995.</subfield>
  </datafield>
  <datafield tag="300" ind1=" " ind2=" ">
    <subfield code="a">xiv, 498 p. :</subfield>
    <subfield code="b">ill. ;</subfield>
    <subfield code="c">25 cm.</subfield>
  </datafield>
  <datafield tag="504" ind1=" " ind2=" ">
    <subfield code="a">Includes bibliographical references and index.</subfield>
  </datafield>
  <datafield tag="650" ind1="1" ind2="2">
    <subfield code="a">Physical Therapy Modalities</subfield>
    <subfield code="x">Aged.</subfield>
  </datafield>
  <datafield tag="700" ind1="1" ind2=" ">
    <subfield code="a">Pickles, Barrie.</subfield>
  </datafield>
  <datafield tag="596" ind1=" " ind2=" ">
    <subfield code="a">12</subfield>
  </datafield>
  <datafield tag="999" ind1=" " ind2=" ">
    <subfield code="a">WB 450 P575 1995 HIRCW</subfield>
    <subfield code="w">NLM</subfield>
    <subfield code="c">1</subfield>
    <subfield code="i">30017000042562</subfield>
    <subfield code="l">HIRCW-CIRC</subfield>
    <subfield code="m">SL1</subfield>
    <subfield code="r">Y</subfield>
    <subfield code="s">Y</subfield>
    <subfield code="t">BOOKS</subfield>
    <subfield code="u">7/9/2006</subfield>
  </datafield>
</record>