
<record xmlns="http://www.loc.gov/MARC21/slim">
  <leader>01152cam a2200217   4500</leader>
  <controlfield tag="008">060907s2003    be a          001 0 fra u</controlfield>
  <datafield tag="020" ind1=" " ind2=" ">
    <subfield code="a">2804143759</subfield>
  </datafield>
  <datafield tag="035" ind1=" " ind2=" ">
    <subfield code="a">(Sirsi) a779039</subfield>
  </datafield>
  <datafield tag="100" ind1="1" ind2=" ">
    <subfield code="a">Robinson, Bernard</subfield>
  </datafield>
  <datafield tag="245" ind1="0" ind2="0">
    <subfield code="a">Psychologie clinique : </subfield>
    <subfield code="b">de l&apos;initiation à la recherche /</subfield>
    <subfield code="c">par Bernard Robinson</subfield>
  </datafield>
  <datafield tag="250" ind1=" " ind2=" ">
    <subfield code="a">1e éd.</subfield>
  </datafield>
  <datafield tag="260" ind1=" " ind2=" ">
    <subfield code="a">Bruxelles : </subfield>
    <subfield code="b">De Boeck, </subfield>
    <subfield code="c">c2003</subfield>
  </datafield>
  <datafield tag="300" ind1=" " ind2=" ">
    <subfield code="a">357 p. : </subfield>
    <subfield code="b">ill.</subfield>
  </datafield>
  <datafield tag="440" ind1=" " ind2="0">
    <subfield code="a">Ouvertures psychologiques</subfield>
  </datafield>
  <datafield tag="504" ind1=" " ind2=" ">
    <subfield code="a">Bibliogr.: p. [347]-350. Glossaire. Index.</subfield>
  </datafield>
  <datafield tag="520" ind1=" " ind2=" ">
    <subfield code="a">Introduction aux grands thèmes de la psychologie clinique. Très didactiques, les différents chapitres comportent un sommaire, un récapitulatif des objectifs et, à la fin de chacun d&apos;eux, une conclusion, des mots clés, des questions pour mieux retenir, des suggestions de lecture.</subfield>
  </datafield>
  <datafield tag="650" ind1=" " ind2="6">
    <subfield code="a">Psychologie clinique </subfield>
    <subfield code="v">Manuels d&apos;enseignement supérieur</subfield>
  </datafield>
  <datafield tag="650" ind1=" " ind2="6">
    <subfield code="a">Psychanalyse </subfield>
    <subfield code="v">Manuels d&apos;enseignement supérieur</subfield>
  </datafield>
  <datafield tag="650" ind1=" " ind2="6">
    <subfield code="a">Psychothérapie </subfield>
    <subfield code="v">Manuels d&apos;enseignement supérieur</subfield>
  </datafield>
  <datafield tag="596" ind1=" " ind2=" ">
    <subfield code="a">5</subfield>
  </datafield>
  <datafield tag="999" ind1=" " ind2=" ">
    <subfield code="a">616.89 R</subfield>
    <subfield code="w">DEWEY</subfield>
    <subfield code="c">1</subfield>
    <subfield code="i">31234003641220</subfield>
    <subfield code="d">12/9/2006</subfield>
    <subfield code="e">12/9/2006</subfield>
    <subfield code="l">HRST-PRET</subfield>
    <subfield code="m">BM1</subfield>
    <subfield code="n">1</subfield>
    <subfield code="p">$71.95</subfield>
    <subfield code="r">Y</subfield>
    <subfield code="s">Y</subfield>
    <subfield code="t">BOOKS</subfield>
    <subfield code="u">7/9/2006</subfield>
    <subfield code="o">.STAFF. ERPI / DG / 2006</subfield>
  </datafield>
</record>