
<record xmlns="http://www.loc.gov/MARC21/slim">
  <leader>01215cam a2200253   4500</leader>
  <controlfield tag="008">060907s2005    qucac         001 0 fra u</controlfield>
  <datafield tag="020" ind1=" " ind2=" ">
    <subfield code="a">2761619838</subfield>
  </datafield>
  <datafield tag="035" ind1=" " ind2=" ">
    <subfield code="a">(Sirsi) a779041</subfield>
  </datafield>
  <datafield tag="100" ind1="1" ind2=" ">
    <subfield code="a">Rathus, Spencer A.</subfield>
  </datafield>
  <datafield tag="245" ind1="1" ind2="0">
    <subfield code="a">Initiation à la psychologie /</subfield>
    <subfield code="c">par Spencer A. Rathus ; adaptation sous la direction de Pierre Cloutier et Guy Parent</subfield>
  </datafield>
  <datafield tag="250" ind1=" " ind2=" ">
    <subfield code="a">5e éd.</subfield>
  </datafield>
  <datafield tag="260" ind1=" " ind2=" ">
    <subfield code="a">Laval, Québec : </subfield>
    <subfield code="b">Beauchemin, </subfield>
    <subfield code="c">2005</subfield>
  </datafield>
  <datafield tag="300" ind1=" " ind2=" ">
    <subfield code="a">xii, 339 p. : </subfield>
    <subfield code="b">ill., portr.</subfield>
  </datafield>
  <datafield tag="500" ind1=" " ind2=" ">
    <subfield code="a">Comprend un index.</subfield>
  </datafield>
  <datafield tag="500" ind1=" " ind2=" ">
    <subfield code="a">Publ. antérieurement sous le titre : Psychologie générale.</subfield>
  </datafield>
  <datafield tag="500" ind1=" " ind2=" ">
    <subfield code="a">Traduction de la 6e éd. de : Essentials of psychology.</subfield>
  </datafield>
  <datafield tag="504" ind1=" " ind2=" ">
    <subfield code="a">Comprend des réf. bibliogr.: p. 326-332.</subfield>
  </datafield>
  <datafield tag="650" ind1=" " ind2="6">
    <subfield code="a">Psychologie</subfield>
  </datafield>
  <datafield tag="700" ind1="1" ind2=" ">
    <subfield code="a">Cloutier, Pierre, </subfield>
    <subfield code="d">1953-</subfield>
  </datafield>
  <datafield tag="700" ind1="1" ind2=" ">
    <subfield code="a">Parent, Guy, </subfield>
    <subfield code="d">1946-</subfield>
  </datafield>
  <datafield tag="596" ind1=" " ind2=" ">
    <subfield code="a">5</subfield>
  </datafield>
  <datafield tag="999" ind1=" " ind2=" ">
    <subfield code="a">150 R</subfield>
    <subfield code="w">DEWEY</subfield>
    <subfield code="c">1</subfield>
    <subfield code="i">31234003641238</subfield>
    <subfield code="l">HRST-PRET</subfield>
    <subfield code="m">BM1</subfield>
    <subfield code="p">$48.95</subfield>
    <subfield code="r">Y</subfield>
    <subfield code="s">Y</subfield>
    <subfield code="t">BOOKS</subfield>
    <subfield code="u">7/9/2006</subfield>
    <subfield code="o">.STAFF. Beauchemin / DG / 2006</subfield>
  </datafield>
  <datafield tag="999" ind1=" " ind2=" ">
    <subfield code="a">150 R</subfield>
    <subfield code="w">DEWEY</subfield>
    <subfield code="c">2</subfield>
    <subfield code="i">31234003640875</subfield>
    <subfield code="l">HRSTK-PRET</subfield>
    <subfield code="m">BM1</subfield>
    <subfield code="p">$52.00</subfield>
    <subfield code="r">Y</subfield>
    <subfield code="s">Y</subfield>
    <subfield code="t">BOOKS</subfield>
    <subfield code="u">10/20/2006</subfield>
    <subfield code="o">.STAFF. Grappin / DG / 2006</subfield>
  </datafield>
  <datafield tag="999" ind1=" " ind2=" ">
    <subfield code="a">150 R</subfield>
    <subfield code="w">DEWEY</subfield>
    <subfield code="c">3</subfield>
    <subfield code="i">31234003640883</subfield>
    <subfield code="d">12/14/2006</subfield>
    <subfield code="e">11/28/2006</subfield>
    <subfield code="l">HRSTT-PRET</subfield>
    <subfield code="m">BM1</subfield>
    <subfield code="n">1</subfield>
    <subfield code="p">$52.00</subfield>
    <subfield code="r">Y</subfield>
    <subfield code="s">Y</subfield>
    <subfield code="t">BOOKS</subfield>
    <subfield code="u">10/20/2006</subfield>
    <subfield code="o">.STAFF. Grappin / DG / 2006</subfield>
  </datafield>
</record>