
<record xmlns="http://www.loc.gov/MARC21/slim">
  <leader>01079cam a2200241   4500</leader>
  <controlfield tag="008">060907s2005    quca          001 0 fra u</controlfield>
  <datafield tag="020" ind1=" " ind2=" ">
    <subfield code="a">2761627296</subfield>
  </datafield>
  <datafield tag="035" ind1=" " ind2=" ">
    <subfield code="a">(Sirsi) a779044</subfield>
  </datafield>
  <datafield tag="100" ind1="1" ind2=" ">
    <subfield code="a">Olds, Sally Wendkos</subfield>
  </datafield>
  <datafield tag="245" ind1="1" ind2="0">
    <subfield code="a">Psychologie du développement de l&apos;enfant /</subfield>
    <subfield code="c">par Sally W. Olds, Diane E. Papalia ; adaptation sous la direction de Annick Bève</subfield>
  </datafield>
  <datafield tag="260" ind1=" " ind2=" ">
    <subfield code="a">Laval, Québec : </subfield>
    <subfield code="b">Beauchemin, </subfield>
    <subfield code="c">2005</subfield>
  </datafield>
  <datafield tag="300" ind1=" " ind2=" ">
    <subfield code="a">xiii, 236 p. :</subfield>
    <subfield code="b">ill.</subfield>
  </datafield>
  <datafield tag="500" ind1=" " ind2=" ">
    <subfield code="a">Comprend un index.</subfield>
  </datafield>
  <datafield tag="500" ind1=" " ind2=" ">
    <subfield code="a">Publ. antérieurement sous le titre: Le développement de l&apos;enfant.</subfield>
  </datafield>
  <datafield tag="500" ind1=" " ind2=" ">
    <subfield code="a">Édition abrégée de &quot;Psychologie du développement humain, 6e édition&quot;.</subfield>
  </datafield>
  <datafield tag="500" ind1=" " ind2=" ">
    <subfield code="a">Traduction abrégée de la 9e éd. de : Human development.</subfield>
  </datafield>
  <datafield tag="504" ind1=" " ind2=" ">
    <subfield code="a">Comprend des réf. bibliogr.: p. 219-223.</subfield>
  </datafield>
  <datafield tag="650" ind1=" " ind2="6">
    <subfield code="a">Enfants </subfield>
    <subfield code="x">Développement</subfield>
  </datafield>
  <datafield tag="650" ind1=" " ind2="6">
    <subfield code="a">Enfants </subfield>
    <subfield code="x">Psychologie</subfield>
  </datafield>
  <datafield tag="700" ind1="1" ind2=" ">
    <subfield code="a">Papalia, Diane E.</subfield>
  </datafield>
  <datafield tag="700" ind1="1" ind2=" ">
    <subfield code="a">Bève, Annick, </subfield>
    <subfield code="d">1942-</subfield>
  </datafield>
  <datafield tag="596" ind1=" " ind2=" ">
    <subfield code="a">5</subfield>
  </datafield>
  <datafield tag="999" ind1=" " ind2=" ">
    <subfield code="a">155 O</subfield>
    <subfield code="w">DEWEY</subfield>
    <subfield code="c">1</subfield>
    <subfield code="i">31234003641253</subfield>
    <subfield code="d">10/22/2007</subfield>
    <subfield code="e">10/15/2007</subfield>
    <subfield code="l">HRST-PRET</subfield>
    <subfield code="m">BM1</subfield>
    <subfield code="n">2</subfield>
    <subfield code="p">$39.95</subfield>
    <subfield code="r">Y</subfield>
    <subfield code="s">Y</subfield>
    <subfield code="t">BOOKS</subfield>
    <subfield code="u">7/9/2006</subfield>
    <subfield code="o">.STAFF. Beauchemin / DG / 2006</subfield>
  </datafield>
</record>