
<record xmlns="http://www.loc.gov/MARC21/slim">
  <leader>01287cam a2200229   4500</leader>
  <controlfield tag="008">060907t20042005quca          001 0 fra u</controlfield>
  <datafield tag="020" ind1=" " ind2=" ">
    <subfield code="a">2761314948</subfield>
  </datafield>
  <datafield tag="035" ind1=" " ind2=" ">
    <subfield code="a">(Sirsi) a779049</subfield>
  </datafield>
  <datafield tag="100" ind1="1" ind2=" ">
    <subfield code="a">Pervin, Lawrence A.</subfield>
  </datafield>
  <datafield tag="245" ind1="1" ind2="0">
    <subfield code="a">Personnalité : </subfield>
    <subfield code="b">théorie et recherche /</subfield>
    <subfield code="c">par Lawrence A. Pervin, Oliver P. John ; adaptation française, Louise Nadeau, Didier Acier, Dave Miranda ; [traduction, Sylvie Dupont et Lyna Lepage].</subfield>
  </datafield>
  <datafield tag="260" ind1=" " ind2=" ">
    <subfield code="a">Saint-Laurent, Québec : </subfield>
    <subfield code="b">ERPI, </subfield>
    <subfield code="c">2004, c2005</subfield>
  </datafield>
  <datafield tag="300" ind1=" " ind2=" ">
    <subfield code="a">xxi, 549 p. : </subfield>
    <subfield code="b">ill.</subfield>
  </datafield>
  <datafield tag="500" ind1=" " ind2=" ">
    <subfield code="a">Traduction de : Personality.</subfield>
  </datafield>
  <datafield tag="500" ind1=" " ind2=" ">
    <subfield code="a">Comprend des index.</subfield>
  </datafield>
  <datafield tag="504" ind1=" " ind2=" ">
    <subfield code="a">Comprend des réf. bibliogr.: p. [505]-528.</subfield>
  </datafield>
  <datafield tag="650" ind1=" " ind2="6">
    <subfield code="a">Personnalité </subfield>
    <subfield code="v">Manuels</subfield>
  </datafield>
  <datafield tag="700" ind1="1" ind2=" ">
    <subfield code="a">John, Oliver P.</subfield>
  </datafield>
  <datafield tag="596" ind1=" " ind2=" ">
    <subfield code="a">5</subfield>
  </datafield>
  <datafield tag="999" ind1=" " ind2=" ">
    <subfield code="a">155.2 P</subfield>
    <subfield code="w">DEWEY</subfield>
    <subfield code="c">1</subfield>
    <subfield code="i">31234003641287</subfield>
    <subfield code="d">5/31/2007</subfield>
    <subfield code="e">5/8/2007</subfield>
    <subfield code="l">HRST-PRET</subfield>
    <subfield code="m">BM1</subfield>
    <subfield code="n">1</subfield>
    <subfield code="p">$86.95</subfield>
    <subfield code="r">Y</subfield>
    <subfield code="s">Y</subfield>
    <subfield code="t">BOOKS</subfield>
    <subfield code="u">7/9/2006</subfield>
    <subfield code="o">.STAFF. ERPI / DG / 2006</subfield>
  </datafield>
  <datafield tag="999" ind1=" " ind2=" ">
    <subfield code="a">155.2 P</subfield>
    <subfield code="w">DEWEY</subfield>
    <subfield code="c">2</subfield>
    <subfield code="i">31234003641295</subfield>
    <subfield code="l">HRSTK-PRET</subfield>
    <subfield code="m">BM1</subfield>
    <subfield code="p">$84.95</subfield>
    <subfield code="r">Y</subfield>
    <subfield code="s">Y</subfield>
    <subfield code="t">BOOKS</subfield>
    <subfield code="u">7/9/2006</subfield>
    <subfield code="o">.STAFF. ERPI / DG / 2006</subfield>
  </datafield>
  <datafield tag="999" ind1=" " ind2=" ">
    <subfield code="a">155.2 P</subfield>
    <subfield code="w">DEWEY</subfield>
    <subfield code="c">3</subfield>
    <subfield code="i">31234003641303</subfield>
    <subfield code="l">HRSTT-PRET</subfield>
    <subfield code="m">BM1</subfield>
    <subfield code="p">$84.95</subfield>
    <subfield code="r">Y</subfield>
    <subfield code="s">Y</subfield>
    <subfield code="t">BOOKS</subfield>
    <subfield code="u">7/9/2006</subfield>
    <subfield code="o">.STAFF. ERPI / DG / 2006</subfield>
  </datafield>
  <datafield tag="999" ind1=" " ind2=" ">
    <subfield code="a">155.2 P</subfield>
    <subfield code="w">DEWEY</subfield>
    <subfield code="c">4</subfield>
    <subfield code="i">31234003642640</subfield>
    <subfield code="d">10/15/2007</subfield>
    <subfield code="e">10/15/2007</subfield>
    <subfield code="k">CHECKEDOUT</subfield>
    <subfield code="l">HRST-PRET</subfield>
    <subfield code="m">BM1</subfield>
    <subfield code="n">3</subfield>
    <subfield code="p">$86.95</subfield>
    <subfield code="r">M</subfield>
    <subfield code="s">Y</subfield>
    <subfield code="t">BOOKS</subfield>
    <subfield code="u">10/24/2006</subfield>
    <subfield code="o">.STAFF. ERPI / DG / 2006</subfield>
  </datafield>
</record>