
<record xmlns="http://www.loc.gov/MARC21/slim">
  <leader>01320cam a22003014a 4500</leader>
  <controlfield tag="001">1148973</controlfield>
  <controlfield tag="005">20020731103413.0</controlfield>
  <controlfield tag="006">m        d        </controlfield>
  <controlfield tag="008">020205s2001    onca          001 0 eng  </controlfield>
  <datafield tag="020" ind1=" " ind2=" ">
    <subfield code="a">1550091506</subfield>
  </datafield>
  <datafield tag="035" ind1=" " ind2=" ">
    <subfield code="a">(Sirsi) a779056</subfield>
  </datafield>
  <datafield tag="040" ind1=" " ind2=" ">
    <subfield code="a">DLC</subfield>
    <subfield code="c">DLC</subfield>
    <subfield code="d">CaOSULN</subfield>
  </datafield>
  <datafield tag="041" ind1="0" ind2="9">
    <subfield code="a">eng</subfield>
  </datafield>
  <datafield tag="060" ind1="1" ind2="0">
    <subfield code="a">QU 34</subfield>
    <subfield code="b">B168p 2001</subfield>
  </datafield>
  <datafield tag="082" ind1="0" ind2="0">
    <subfield code="a">572</subfield>
    <subfield code="2">21</subfield>
  </datafield>
  <datafield tag="100" ind1="1" ind2=" ">
    <subfield code="a">Baker, R. Roy</subfield>
  </datafield>
  <datafield tag="245" ind1="1" ind2="0">
    <subfield code="a">PDQ biochemistry /</subfield>
    <subfield code="c">R. Roy Baker, Robert K. Murray ; with illustrations by Erin A. Baker.</subfield>
  </datafield>
  <datafield tag="260" ind1=" " ind2=" ">
    <subfield code="a">Hamilton, Ont. ; Lewiston, NY :</subfield>
    <subfield code="b">BC Decker,</subfield>
    <subfield code="c">2001.</subfield>
  </datafield>
  <datafield tag="300" ind1=" " ind2=" ">
    <subfield code="a">ix, 310 p. :</subfield>
    <subfield code="b">ill. (some col.) ;</subfield>
    <subfield code="c">22 cm. +</subfield>
    <subfield code="e">1 CD-ROM (3 1/8 in.).</subfield>
  </datafield>
  <datafield tag="440" ind1=" " ind2="0">
    <subfield code="a">PDQ series</subfield>
  </datafield>
  <datafield tag="504" ind1=" " ind2=" ">
    <subfield code="a">Includes index.</subfield>
  </datafield>
  <datafield tag="650" ind1="1" ind2="2">
    <subfield code="a">Biochemistry</subfield>
  </datafield>
  <datafield tag="700" ind1="1" ind2=" ">
    <subfield code="a">Murray, Robert K.</subfield>
    <subfield code="q">(Robert Kincaid),</subfield>
    <subfield code="d">1932-</subfield>
  </datafield>
  <datafield tag="596" ind1=" " ind2=" ">
    <subfield code="a">12</subfield>
  </datafield>
  <datafield tag="999" ind1=" " ind2=" ">
    <subfield code="a">QU 34 B354p 2001 HIRCE</subfield>
    <subfield code="w">NLM</subfield>
    <subfield code="c">1</subfield>
    <subfield code="i">30017000052041</subfield>
    <subfield code="d">8/27/2007</subfield>
    <subfield code="k">RESERVES</subfield>
    <subfield code="l">HIRCE-CIRC</subfield>
    <subfield code="m">SL1</subfield>
    <subfield code="r">Y</subfield>
    <subfield code="s">Y</subfield>
    <subfield code="t">BOOKS</subfield>
    <subfield code="u">7/9/2006</subfield>
  </datafield>
  <datafield tag="999" ind1=" " ind2=" ">
    <subfield code="a">QU 34 B354p 2001 HIRCE</subfield>
    <subfield code="w">NLM</subfield>
    <subfield code="c">2</subfield>
    <subfield code="i">30017000051993</subfield>
    <subfield code="d">8/27/2007</subfield>
    <subfield code="k">RESERVES</subfield>
    <subfield code="l">HIRCE-CIRC</subfield>
    <subfield code="m">SL1</subfield>
    <subfield code="r">Y</subfield>
    <subfield code="s">Y</subfield>
    <subfield code="t">AUD_VISUAL</subfield>
    <subfield code="u">7/9/2006</subfield>
  </datafield>
  <datafield tag="999" ind1=" " ind2=" ">
    <subfield code="a">QU 34 B354p 2001 HIRCE</subfield>
    <subfield code="w">NLM</subfield>
    <subfield code="c">3</subfield>
    <subfield code="i">30017000051944</subfield>
    <subfield code="d">8/27/2007</subfield>
    <subfield code="e">5/10/2006</subfield>
    <subfield code="k">RESERVES</subfield>
    <subfield code="l">HIRCE-CIRC</subfield>
    <subfield code="m">SL1</subfield>
    <subfield code="n">4</subfield>
    <subfield code="r">Y</subfield>
    <subfield code="s">Y</subfield>
    <subfield code="t">BOOKS</subfield>
    <subfield code="u">7/9/2006</subfield>
  </datafield>
  <datafield tag="999" ind1=" " ind2=" ">
    <subfield code="a">QU 34 B354p 2001 HIRCE</subfield>
    <subfield code="w">NLM</subfield>
    <subfield code="c">4</subfield>
    <subfield code="i">30017000051894</subfield>
    <subfield code="d">8/27/2007</subfield>
    <subfield code="e">5/10/2006</subfield>
    <subfield code="k">RESERVES</subfield>
    <subfield code="l">HIRCE-CIRC</subfield>
    <subfield code="m">SL1</subfield>
    <subfield code="n">4</subfield>
    <subfield code="r">Y</subfield>
    <subfield code="s">Y</subfield>
    <subfield code="t">AUD_VISUAL</subfield>
    <subfield code="u">7/9/2006</subfield>
  </datafield>
</record>