
<record xmlns="http://www.loc.gov/MARC21/slim">
  <leader>00609cam a2200145   4500</leader>
  <controlfield tag="008">060908s2006       a     b    000 0 eng u</controlfield>
  <datafield tag="035" ind1=" " ind2=" ">
    <subfield code="a">(Sirsi) a779070</subfield>
  </datafield>
  <datafield tag="100" ind1="1" ind2=" ">
    <subfield code="a">Van der Heyden, Frances.</subfield>
  </datafield>
  <datafield tag="245" ind1="1" ind2="0">
    <subfield code="a">Anxiety and the effects of self-monitoring strategies and task complexity on a fine motor performance and attentional focus /</subfield>
    <subfield code="c">Frances van der Heyden.</subfield>
  </datafield>
  <datafield tag="300" ind1=" " ind2=" ">
    <subfield code="a">32 l. :</subfield>
    <subfield code="b">ill.</subfield>
  </datafield>
  <datafield tag="349" ind1=" " ind2=" ">
    <subfield code="a">Psychology</subfield>
  </datafield>
  <datafield tag="502" ind1=" " ind2=" ">
    <subfield code="a">Honours Essay/Dissertation (B.A.) -- Laurentian University, 2006.</subfield>
  </datafield>
  <datafield tag="504" ind1=" " ind2=" ">
    <subfield code="a">Bibliogr.</subfield>
  </datafield>
  <datafield tag="596" ind1=" " ind2=" ">
    <subfield code="a">1</subfield>
  </datafield>
  <datafield tag="999" ind1=" " ind2=" ">
    <subfield code="a">ESS. VAN 2006</subfield>
    <subfield code="w">ASIS</subfield>
    <subfield code="c">1</subfield>
    <subfield code="i">30007008181835</subfield>
    <subfield code="l">DESM-ACH</subfield>
    <subfield code="m">BR1</subfield>
    <subfield code="r">Y</subfield>
    <subfield code="s">Y</subfield>
    <subfield code="t">THESES</subfield>
    <subfield code="u">8/9/2006</subfield>
    <subfield code="x">ESSAY</subfield>
  </datafield>
</record>