
<record xmlns="http://www.loc.gov/MARC21/slim">
  <leader>00692cam a2200169   4500</leader>
  <controlfield tag="008">060908s2006    onca     bm   000 0 eng u</controlfield>
  <datafield tag="035" ind1=" " ind2=" ">
    <subfield code="a">(Sirsi) a779071</subfield>
  </datafield>
  <datafield tag="100" ind1="1" ind2=" ">
    <subfield code="a">Campbell, Phil.</subfield>
  </datafield>
  <datafield tag="245" ind1="1" ind2="4">
    <subfield code="a">The effects of caffeine consumption on short-term memory and perception at different times of the day /</subfield>
    <subfield code="c">Phil Campbell.</subfield>
  </datafield>
  <datafield tag="260" ind1=" " ind2=" ">
    <subfield code="a">Sudbury, Ont. :</subfield>
    <subfield code="b">Laurentian University,</subfield>
    <subfield code="c">2006.</subfield>
  </datafield>
  <datafield tag="300" ind1=" " ind2=" ">
    <subfield code="a">ii, 56 l. :</subfield>
    <subfield code="b">ill.</subfield>
  </datafield>
  <datafield tag="349" ind1=" " ind2=" ">
    <subfield code="a">Psychology</subfield>
  </datafield>
  <datafield tag="500" ind1=" " ind2=" ">
    <subfield code="a">Running head: The effects of caffeine.</subfield>
  </datafield>
  <datafield tag="502" ind1=" " ind2=" ">
    <subfield code="a">Honours Essay/Dissertation (B.A.) -- Laurentian University, 2006.</subfield>
  </datafield>
  <datafield tag="504" ind1=" " ind2=" ">
    <subfield code="a">Bibliogr.</subfield>
  </datafield>
  <datafield tag="596" ind1=" " ind2=" ">
    <subfield code="a">1</subfield>
  </datafield>
  <datafield tag="999" ind1=" " ind2=" ">
    <subfield code="a">ESS. CAMP 2006</subfield>
    <subfield code="w">ASIS</subfield>
    <subfield code="c">1</subfield>
    <subfield code="i">30007008188061</subfield>
    <subfield code="l">DESM-ACH</subfield>
    <subfield code="m">BR1</subfield>
    <subfield code="r">Y</subfield>
    <subfield code="s">Y</subfield>
    <subfield code="t">THESES</subfield>
    <subfield code="u">8/9/2006</subfield>
    <subfield code="x">ESSAY</subfield>
  </datafield>
</record>