
<record xmlns="http://www.loc.gov/MARC21/slim">
  <leader>01422cam a2200337 a 4500</leader>
  <controlfield tag="001">0507522.01</controlfield>
  <controlfield tag="003">CaMWISM</controlfield>
  <controlfield tag="005">20000717082017.0</controlfield>
  <controlfield tag="008">000517s2006    onca         f000 a0eng  </controlfield>
  <datafield tag="020" ind1=" " ind2=" ">
    <subfield code="a">066242557X</subfield>
  </datafield>
  <datafield tag="035" ind1=" " ind2=" ">
    <subfield code="a">(Sirsi) a779088</subfield>
  </datafield>
  <datafield tag="035" ind1=" " ind2=" ">
    <subfield code="a">(Sirsi) a779088</subfield>
  </datafield>
  <datafield tag="040" ind1=" " ind2=" ">
    <subfield code="d">UtOrBLW</subfield>
  </datafield>
  <datafield tag="050" ind1=" " ind2="4">
    <subfield code="a">QH77.C2</subfield>
    <subfield code="b">G74 2003</subfield>
  </datafield>
  <datafield tag="110" ind1="2" ind2=" ">
    <subfield code="a">Great Lakes Wetlands Conservation Action Plan (Canada)</subfield>
  </datafield>
  <datafield tag="245" ind1="1" ind2="0">
    <subfield code="a">Great Lakes Wetlands Conservation Action Plan :</subfield>
    <subfield code="b">highlights report 2003 to 2005..</subfield>
  </datafield>
  <datafield tag="260" ind1=" " ind2=" ">
    <subfield code="a">Toronto, Ont. :</subfield>
    <subfield code="b">Environment Canada, Canadian Wildlife Service,</subfield>
    <subfield code="c">2006.</subfield>
  </datafield>
  <datafield tag="300" ind1=" " ind2=" ">
    <subfield code="a">24 p. :</subfield>
    <subfield code="b">ill., maps</subfield>
  </datafield>
  <datafield tag="500" ind1=" " ind2=" ">
    <subfield code="a">Cover title.</subfield>
  </datafield>
  <datafield tag="500" ind1=" " ind2=" ">
    <subfield code="a">Issued in French under title: Plan d&apos;action en matière de conservation des terres humides des Grands Lacs: rapport sur les faits saillants 2003 à 2005.</subfield>
  </datafield>
  <datafield tag="596" ind1=" " ind2=" ">
    <subfield code="a">1</subfield>
  </datafield>
  <datafield tag="650" ind1=" " ind2="0">
    <subfield code="a">Wetland conservation</subfield>
    <subfield code="z">Great Lakes Region.</subfield>
  </datafield>
  <datafield tag="650" ind1=" " ind2="0">
    <subfield code="a">Wetland conservation</subfield>
    <subfield code="z">Ontario.</subfield>
  </datafield>
  <datafield tag="650" ind1=" " ind2="0">
    <subfield code="a">Wetlands</subfield>
    <subfield code="z">Great Lakes Region.</subfield>
  </datafield>
  <datafield tag="650" ind1=" " ind2="0">
    <subfield code="a">Wetlands</subfield>
    <subfield code="z">Ontario.</subfield>
  </datafield>
  <datafield tag="710" ind1="1" ind2=" ">
    <subfield code="a">Canada.</subfield>
    <subfield code="b">Environment Canada.</subfield>
    <subfield code="b">Canadian Wildlife Service.</subfield>
  </datafield>
  <datafield tag="710" ind1="2" ind2=" ">
    <subfield code="a">Ontario.</subfield>
    <subfield code="b">Ministry of Natural Resources.</subfield>
  </datafield>
  <datafield tag="710" ind1="2" ind2=" ">
    <subfield code="a">Nature Conservancy of Canada.</subfield>
  </datafield>
  <datafield tag="710" ind1="2" ind2=" ">
    <subfield code="a">Federation of Ontario Naturalists.</subfield>
  </datafield>
  <datafield tag="349" ind1=" " ind2=" ">
    <subfield code="a">Depository Services Canada/Services de dépôt</subfield>
  </datafield>
  <datafield tag="999" ind1=" " ind2=" ">
    <subfield code="a">QH 77 C2 G74 2006</subfield>
    <subfield code="w">LC</subfield>
    <subfield code="c">1</subfield>
    <subfield code="i">30007008174699</subfield>
    <subfield code="d">11/29/2006</subfield>
    <subfield code="e">11/12/2006</subfield>
    <subfield code="l">DESM-CIR</subfield>
    <subfield code="m">BR1</subfield>
    <subfield code="n">3</subfield>
    <subfield code="r">Y</subfield>
    <subfield code="s">Y</subfield>
    <subfield code="t">BOOKS</subfield>
    <subfield code="u">8/9/2006</subfield>
    <subfield code="x">DEPOSIT</subfield>
  </datafield>
</record>