
<record xmlns="http://www.loc.gov/MARC21/slim">
  <leader>01491cam a2200313 a 4500</leader>
  <controlfield tag="001">61846549</controlfield>
  <controlfield tag="003">CaOEAGC</controlfield>
  <controlfield tag="005">20010604000808.0</controlfield>
  <controlfield tag="008">010515 2006    onca         f0   a0fre d</controlfield>
  <datafield tag="020" ind1=" " ind2=" ">
    <subfield code="a">066271086X</subfield>
  </datafield>
  <datafield tag="035" ind1=" " ind2=" ">
    <subfield code="a">(Sirsi) a779092</subfield>
  </datafield>
  <datafield tag="035" ind1=" " ind2=" ">
    <subfield code="a">(Sirsi) a779092</subfield>
  </datafield>
  <datafield tag="040" ind1=" " ind2=" ">
    <subfield code="d">UtOrBLW</subfield>
  </datafield>
  <datafield tag="110" ind1="2" ind2=" ">
    <subfield code="a">Plan d&apos;action en matière de conservation des terres humides des Grands Lacs.</subfield>
  </datafield>
  <datafield tag="245" ind1="1" ind2="0">
    <subfield code="a">Plan d&apos;action en matière de conservation des terres humides des Grands Lacs :</subfield>
    <subfield code="b">rapport sur les faits saillants 2003 é 2005.</subfield>
  </datafield>
  <datafield tag="246" ind1="1" ind2="3">
    <subfield code="a">GLWCAP rapport sur les faits saillants</subfield>
  </datafield>
  <datafield tag="260" ind1=" " ind2=" ">
    <subfield code="a">Toronto, Ont. :</subfield>
    <subfield code="b">Environnement Canada, Service canadien de la faune,</subfield>
    <subfield code="c">2006.</subfield>
  </datafield>
  <datafield tag="300" ind1=" " ind2=" ">
    <subfield code="a">24 p. :</subfield>
    <subfield code="b">ill.</subfield>
  </datafield>
  <datafield tag="500" ind1=" " ind2=" ">
    <subfield code="a">Titre de la couv.</subfield>
  </datafield>
  <datafield tag="500" ind1=" " ind2=" ">
    <subfield code="a">Publ. aussi en anglais sous le titre: Great Lakes wetlands conservation action plan: highlights report 2003 to 2005.</subfield>
  </datafield>
  <datafield tag="596" ind1=" " ind2=" ">
    <subfield code="a">1</subfield>
  </datafield>
  <datafield tag="650" ind1=" " ind2="6">
    <subfield code="a">Zones humides</subfield>
    <subfield code="x">Conservation</subfield>
    <subfield code="z">Grands Lacs, Bassin des.</subfield>
  </datafield>
  <datafield tag="650" ind1=" " ind2="6">
    <subfield code="a">Zones humides</subfield>
    <subfield code="x">Conservation</subfield>
    <subfield code="x">Politique gouvernementale</subfield>
    <subfield code="z">Canada.</subfield>
  </datafield>
  <datafield tag="650" ind1=" " ind2="6">
    <subfield code="a">Écologie des zones humides</subfield>
    <subfield code="z">Grands Lacs, Bassin des.</subfield>
  </datafield>
  <datafield tag="710" ind1="1" ind2=" ">
    <subfield code="a">Canada.</subfield>
    <subfield code="b">Environnement Canada.</subfield>
    <subfield code="b">Service canadien de la faune.</subfield>
  </datafield>
  <datafield tag="710" ind1="1" ind2=" ">
    <subfield code="a">Ontario.</subfield>
    <subfield code="b">Ministère des richesses naturelles.</subfield>
  </datafield>
  <datafield tag="710" ind1="2" ind2=" ">
    <subfield code="a">Fédération des naturalistes de l&apos;Ontario.</subfield>
  </datafield>
  <datafield tag="710" ind1="2" ind2=" ">
    <subfield code="a">Société canadienne pour la conservation de la nature.</subfield>
  </datafield>
  <datafield tag="999" ind1=" " ind2=" ">
    <subfield code="a">QH 77 C2 G7414 2006</subfield>
    <subfield code="w">LC</subfield>
    <subfield code="c">1</subfield>
    <subfield code="i">30007008174947</subfield>
    <subfield code="d">3/7/2007</subfield>
    <subfield code="e">2/16/2007</subfield>
    <subfield code="l">DESM-CIR</subfield>
    <subfield code="m">BR1</subfield>
    <subfield code="n">1</subfield>
    <subfield code="r">Y</subfield>
    <subfield code="s">Y</subfield>
    <subfield code="t">BOOKS</subfield>
    <subfield code="u">8/9/2006</subfield>
    <subfield code="x">DEPOSIT</subfield>
  </datafield>
</record>