
<record xmlns="http://www.loc.gov/MARC21/slim">
  <leader>00878cam a2200265   4500</leader>
  <controlfield tag="001">1716975</controlfield>
  <controlfield tag="005">19730620000000.0</controlfield>
  <controlfield tag="008">730613s1973    nyua     b    001 0beng  </controlfield>
  <datafield tag="035" ind1=" " ind2=" ">
    <subfield code="a">(Sirsi) a779096</subfield>
  </datafield>
  <datafield tag="035" ind1=" " ind2=" ">
    <subfield code="a">(Sirsi) i0515029297</subfield>
  </datafield>
  <datafield tag="035" ind1=" " ind2=" ">
    <subfield code="9">(DLC)   72093669</subfield>
  </datafield>
  <datafield tag="010" ind1=" " ind2=" ">
    <subfield code="a">   72093669</subfield>
  </datafield>
  <datafield tag="020" ind1=" " ind2=" ">
    <subfield code="a">0515029297</subfield>
  </datafield>
  <datafield tag="040" ind1=" " ind2=" ">
    <subfield code="a">DLC</subfield>
    <subfield code="c">DLC</subfield>
    <subfield code="d">DLC</subfield>
    <subfield code="d">UtOrBLW</subfield>
  </datafield>
  <datafield tag="050" ind1="0" ind2="0">
    <subfield code="a">PN2287.G3</subfield>
    <subfield code="b">J6 1973</subfield>
  </datafield>
  <datafield tag="082" ind1="0" ind2="0">
    <subfield code="a">791.43/028/0924</subfield>
    <subfield code="a">B</subfield>
  </datafield>
  <datafield tag="100" ind1="1" ind2=" ">
    <subfield code="a">Jordan, René.</subfield>
  </datafield>
  <datafield tag="245" ind1="0" ind2="0">
    <subfield code="a">Clark Gable /</subfield>
    <subfield code="c">by Rene Jordan.</subfield>
  </datafield>
  <datafield tag="260" ind1=" " ind2=" ">
    <subfield code="a">New York, NY :</subfield>
    <subfield code="b">Pyramid Publications,</subfield>
    <subfield code="c">1973.</subfield>
  </datafield>
  <datafield tag="300" ind1=" " ind2=" ">
    <subfield code="a">159 p. :</subfield>
    <subfield code="b">ill. :</subfield>
    <subfield code="c">20 cm.</subfield>
  </datafield>
  <datafield tag="490" ind1="0" ind2=" ">
    <subfield code="a">A Pyramid illustrated history of the movies</subfield>
  </datafield>
  <datafield tag="504" ind1=" " ind2=" ">
    <subfield code="a">Includes bibliographical references (p. 143-144) and index.</subfield>
  </datafield>
  <datafield tag="596" ind1=" " ind2=" ">
    <subfield code="a">1</subfield>
  </datafield>
  <datafield tag="600" ind1="1" ind2="0">
    <subfield code="a">Gable, Clark,</subfield>
    <subfield code="d">1901-1960.</subfield>
  </datafield>
  <datafield tag="999" ind1=" " ind2=" ">
    <subfield code="a">PN 2287 G3 J6 1973</subfield>
    <subfield code="w">LC</subfield>
    <subfield code="c">1</subfield>
    <subfield code="i">30007008184912</subfield>
    <subfield code="l">DESM-CIR</subfield>
    <subfield code="m">BR1</subfield>
    <subfield code="r">Y</subfield>
    <subfield code="s">Y</subfield>
    <subfield code="t">BOOKS</subfield>
    <subfield code="u">8/9/2006</subfield>
    <subfield code="x">GIFTS</subfield>
  </datafield>
</record>