
<record xmlns="http://www.loc.gov/MARC21/slim">
  <leader>01505cam a2200289   4500</leader>
  <controlfield tag="008">060908n2002                  000 0 eng u</controlfield>
  <datafield tag="020" ind1=" " ind2=" ">
    <subfield code="a">0968759416</subfield>
  </datafield>
  <datafield tag="035" ind1=" " ind2=" ">
    <subfield code="a">(Sirsi) a779100</subfield>
  </datafield>
  <datafield tag="040" ind1=" " ind2=" ">
    <subfield code="a">MWU </subfield>
    <subfield code="c"> MWU</subfield>
    <subfield code="d">CaOSULN</subfield>
  </datafield>
  <datafield tag="041" ind1=" " ind2=" ">
    <subfield code="a">eng</subfield>
  </datafield>
  <datafield tag="060" ind1=" " ind2=" ">
    <subfield code="a">WA 320 C277c 2002</subfield>
  </datafield>
  <datafield tag="245" ind1="0" ind2="0">
    <subfield code="a">Caring for our children : </subfield>
    <subfield code="b"> resource and training kit for Aboriginal children&apos;s programs in British Columbia.</subfield>
  </datafield>
  <datafield tag="246" ind1="3" ind2="0">
    <subfield code="a">Resource and training kit for Aboriginal children&apos;s programs in British Columbia</subfield>
  </datafield>
  <datafield tag="250" ind1=" " ind2=" ">
    <subfield code="a">1st ed.</subfield>
  </datafield>
  <datafield tag="260" ind1=" " ind2=" ">
    <subfield code="a">North Vancouver, BC : </subfield>
    <subfield code="b"> BC Aboriginal Child Care Society, </subfield>
    <subfield code="c"> 2002.</subfield>
  </datafield>
  <datafield tag="300" ind1=" " ind2=" ">
    <subfield code="a">xix, 314 p. : </subfield>
    <subfield code="b"> ill. ; </subfield>
    <subfield code="c"> 30 cm.</subfield>
  </datafield>
  <datafield tag="500" ind1=" " ind2=" ">
    <subfield code="a">Cover title.</subfield>
  </datafield>
  <datafield tag="504" ind1=" " ind2=" ">
    <subfield code="a">Includes bibliographical references.</subfield>
  </datafield>
  <datafield tag="520" ind1=" " ind2=" ">
    <subfield code="a">This resource and training kit is designed for people who are thinking about establishing a child care program for Aboriginal children aged 0-6. It is also for staff and coordinators of existing child care programs who are interested in bringing Aboriginal culture and traditions into their programs.</subfield>
  </datafield>
  <datafield tag="590" ind1=" " ind2=" ">
    <subfield code="a">Aboriginal Health Collection.</subfield>
  </datafield>
  <datafield tag="650" ind1=" " ind2="2">
    <subfield code="a">Indians, North American </subfield>
    <subfield code="z"> British Columbia.</subfield>
  </datafield>
  <datafield tag="650" ind1=" " ind2="2">
    <subfield code="a">Child Health Services </subfield>
    <subfield code="z"> British Columbia </subfield>
    <subfield code="v"> Resource Guides.</subfield>
  </datafield>
  <datafield tag="650" ind1=" " ind2="2">
    <subfield code="a">Child Welfare </subfield>
    <subfield code="z"> British Columbia </subfield>
    <subfield code="v"> Resource Guides.</subfield>
  </datafield>
  <datafield tag="650" ind1=" " ind2="2">
    <subfield code="a">Child Care </subfield>
    <subfield code="z"> British Columbia </subfield>
    <subfield code="v"> Resource Guides.</subfield>
  </datafield>
  <datafield tag="710" ind1="2" ind2=" ">
    <subfield code="a">BC Aboriginal Child Care Society.</subfield>
  </datafield>
  <datafield tag="596" ind1=" " ind2=" ">
    <subfield code="a">12</subfield>
  </datafield>
  <datafield tag="999" ind1=" " ind2=" ">
    <subfield code="a">WA 320 C277c 2002 HIRCW</subfield>
    <subfield code="w">NLM</subfield>
    <subfield code="c">1</subfield>
    <subfield code="i">30017000042539</subfield>
    <subfield code="l">HIRCW-CIRC</subfield>
    <subfield code="m">SL1</subfield>
    <subfield code="r">Y</subfield>
    <subfield code="s">Y</subfield>
    <subfield code="t">BOOKS</subfield>
    <subfield code="u">8/9/2006</subfield>
  </datafield>
</record>