
<record xmlns="http://www.loc.gov/MARC21/slim">
  <leader>01079cjm a2200145   4500</leader>
  <controlfield tag="008">060908n                            eng u</controlfield>
  <datafield tag="035" ind1=" " ind2=" ">
    <subfield code="a">(Sirsi) a779102</subfield>
  </datafield>
  <datafield tag="245" ind1="0" ind2="0">
    <subfield code="a">MUSC 1021 listening  CDs, v. 1-4</subfield>
  </datafield>
  <datafield tag="596" ind1=" " ind2=" ">
    <subfield code="a">3</subfield>
  </datafield>
  <datafield tag="999" ind1=" " ind2=" ">
    <subfield code="a">MUSC 1021 No. 1</subfield>
    <subfield code="w">ALPHANUM</subfield>
    <subfield code="c">1</subfield>
    <subfield code="i">30007007689804</subfield>
    <subfield code="d">8/9/2006</subfield>
    <subfield code="k">RESERVES</subfield>
    <subfield code="l">HUNT-AUDIO</subfield>
    <subfield code="m">BR3</subfield>
    <subfield code="r">Y</subfield>
    <subfield code="s">Y</subfield>
    <subfield code="t">SOUND</subfield>
    <subfield code="u">8/9/2006</subfield>
    <subfield code="x">COMPDISCS</subfield>
  </datafield>
  <datafield tag="999" ind1=" " ind2=" ">
    <subfield code="a">MUSC 1021 No. 1</subfield>
    <subfield code="w">ALPHANUM</subfield>
    <subfield code="c">2</subfield>
    <subfield code="i">30011000015207</subfield>
    <subfield code="d">11/28/2006</subfield>
    <subfield code="e">11/27/2006</subfield>
    <subfield code="k">RESERVES</subfield>
    <subfield code="l">HUNT-AUDIO</subfield>
    <subfield code="m">BR3</subfield>
    <subfield code="n">4</subfield>
    <subfield code="r">Y</subfield>
    <subfield code="s">Y</subfield>
    <subfield code="t">SOUND</subfield>
    <subfield code="u">8/9/2006</subfield>
    <subfield code="x">COMPDISCS</subfield>
  </datafield>
  <datafield tag="999" ind1=" " ind2=" ">
    <subfield code="a">MUSC 1021 No. 1</subfield>
    <subfield code="w">ALPHANUM</subfield>
    <subfield code="c">3</subfield>
    <subfield code="i">30011000015256</subfield>
    <subfield code="d">11/17/2006</subfield>
    <subfield code="e">11/17/2006</subfield>
    <subfield code="k">RESERVES</subfield>
    <subfield code="l">HUNT-AUDIO</subfield>
    <subfield code="m">BR3</subfield>
    <subfield code="n">1</subfield>
    <subfield code="r">Y</subfield>
    <subfield code="s">Y</subfield>
    <subfield code="t">SOUND</subfield>
    <subfield code="u">8/9/2006</subfield>
    <subfield code="x">COMPDISCS</subfield>
  </datafield>
  <datafield tag="999" ind1=" " ind2=" ">
    <subfield code="a">MUSC 1021 No. 2</subfield>
    <subfield code="w">ALPHANUM</subfield>
    <subfield code="c">1</subfield>
    <subfield code="i">30011000015033</subfield>
    <subfield code="d">11/28/2006</subfield>
    <subfield code="e">11/27/2006</subfield>
    <subfield code="k">RESERVES</subfield>
    <subfield code="l">HUNT-AUDIO</subfield>
    <subfield code="m">BR3</subfield>
    <subfield code="n">4</subfield>
    <subfield code="r">Y</subfield>
    <subfield code="s">Y</subfield>
    <subfield code="t">SOUND</subfield>
    <subfield code="u">8/9/2006</subfield>
    <subfield code="x">COMPDISCS</subfield>
  </datafield>
  <datafield tag="999" ind1=" " ind2=" ">
    <subfield code="a">MUSC 1021 No. 3</subfield>
    <subfield code="w">ALPHANUM</subfield>
    <subfield code="c">1</subfield>
    <subfield code="i">30007007690950</subfield>
    <subfield code="d">6/15/2007</subfield>
    <subfield code="e">11/20/2006</subfield>
    <subfield code="k">RESERVES</subfield>
    <subfield code="l">HUNT-AUDIO</subfield>
    <subfield code="m">BR3</subfield>
    <subfield code="n">1</subfield>
    <subfield code="r">Y</subfield>
    <subfield code="s">Y</subfield>
    <subfield code="t">SOUND</subfield>
    <subfield code="u">8/9/2006</subfield>
    <subfield code="x">COMPDISCS</subfield>
  </datafield>
  <datafield tag="999" ind1=" " ind2=" ">
    <subfield code="a">MUSC 1021 No. 4</subfield>
    <subfield code="w">ALPHANUM</subfield>
    <subfield code="c">1</subfield>
    <subfield code="i">30007007691008</subfield>
    <subfield code="d">8/9/2006</subfield>
    <subfield code="k">RESERVES</subfield>
    <subfield code="l">HUNT-AUDIO</subfield>
    <subfield code="m">BR3</subfield>
    <subfield code="r">Y</subfield>
    <subfield code="s">Y</subfield>
    <subfield code="t">SOUND</subfield>
    <subfield code="u">8/9/2006</subfield>
    <subfield code="x">COMPDISCS</subfield>
  </datafield>
</record>