
<record xmlns="http://www.loc.gov/MARC21/slim">
  <leader>01021nam a2200217 a 4500</leader>
  <controlfield tag="001">02-0006932</controlfield>
  <controlfield tag="005">20020709111310.0</controlfield>
  <controlfield tag="008">      s2006                  001 0 eng u</controlfield>
  <datafield tag="035" ind1=" " ind2=" ">
    <subfield code="a">(Sirsi) a779105</subfield>
  </datafield>
  <datafield tag="060" ind1="0" ind2="0">
    <subfield code="a">QZ 266 C35 2006</subfield>
  </datafield>
  <datafield tag="245" ind1=" " ind2=" ">
    <subfield code="a">2006 Oncology conference, May 11-12, 2006/</subfield>
    <subfield code="c">Regional Cancer Program,  Hôpital égional de Sudbury Regional Hospital, November 12, 2005.</subfield>
  </datafield>
  <datafield tag="260" ind1=" " ind2=" ">
    <subfield code="a">Sudbury, Ont.</subfield>
    <subfield code="b">Regional Cancer Program Sudbury Regional Hospital</subfield>
    <subfield code="c">2006</subfield>
  </datafield>
  <datafield tag="300" ind1=" " ind2=" ">
    <subfield code="a">3 v.</subfield>
  </datafield>
  <datafield tag="650" ind1="." ind2="0">
    <subfield code="a">Neoplasms - Congresses</subfield>
  </datafield>
  <datafield tag="650" ind1=" " ind2=" ">
    <subfield code="a">Oncology - Congresses</subfield>
  </datafield>
  <datafield tag="710" ind1="1" ind2="0">
    <subfield code="a">Cancer Care Ontario Regional, Northeast Region</subfield>
  </datafield>
  <datafield tag="710" ind1="1" ind2="0">
    <subfield code="a">Regional Cancer  Program,  Hôpital régional de Sudbury Regional Hospital.</subfield>
  </datafield>
  <datafield tag="596" ind1=" " ind2=" ">
    <subfield code="a">27</subfield>
  </datafield>
  <datafield tag="999" ind1=" " ind2=" ">
    <subfield code="a">QZ 266 C35 2006 Vol. 1</subfield>
    <subfield code="w">LC</subfield>
    <subfield code="c">1</subfield>
    <subfield code="i">30007007380362</subfield>
    <subfield code="l">SL1L-CIR</subfield>
    <subfield code="m">SL1</subfield>
    <subfield code="r">Y</subfield>
    <subfield code="s">Y</subfield>
    <subfield code="t">BOOKS</subfield>
    <subfield code="u">8/9/2006</subfield>
  </datafield>
  <datafield tag="999" ind1=" " ind2=" ">
    <subfield code="a">QZ 266 C35 2006 Vol. 2</subfield>
    <subfield code="w">NLM</subfield>
    <subfield code="c">1</subfield>
    <subfield code="i">30007007380412</subfield>
    <subfield code="l">SL1L-CIR</subfield>
    <subfield code="m">SL1</subfield>
    <subfield code="r">Y</subfield>
    <subfield code="s">Y</subfield>
    <subfield code="t">BOOKS</subfield>
    <subfield code="u">8/9/2006</subfield>
  </datafield>
  <datafield tag="999" ind1=" " ind2=" ">
    <subfield code="a">QZ 266 C35 2006 Vol. 3</subfield>
    <subfield code="w">NLM</subfield>
    <subfield code="c">1</subfield>
    <subfield code="i">30007007380461</subfield>
    <subfield code="l">SL1L-CIR</subfield>
    <subfield code="m">SL1</subfield>
    <subfield code="r">Y</subfield>
    <subfield code="s">Y</subfield>
    <subfield code="t">BOOKS</subfield>
    <subfield code="u">8/9/2006</subfield>
  </datafield>
</record>