
<record xmlns="http://www.loc.gov/MARC21/slim">
  <leader>01678nas a22004332a 4500</leader>
  <controlfield tag="001">ebs42183e</controlfield>
  <controlfield tag="003">EBZ</controlfield>
  <controlfield tag="006">m        d  ||||||</controlfield>
  <controlfield tag="007">cr|unu||||||||</controlfield>
  <controlfield tag="008">840817c19849999gw mxzp       0   a0eng d</controlfield>
  <datafield tag="022" ind1=" " ind2=" ">
    <subfield code=" ">y0176-1617</subfield>
  </datafield>
  <datafield tag="035" ind1=" " ind2=" ">
    <subfield code="a">(Sirsi) a779108</subfield>
  </datafield>
  <datafield tag="035" ind1=" " ind2=" ">
    <subfield code="a">(Sirsi) a779108</subfield>
  </datafield>
  <datafield tag="035" ind1=" " ind2=" ">
    <subfield code="a">(EBZ)ebs42183e</subfield>
  </datafield>
  <datafield tag="040" ind1=" " ind2=" ">
    <subfield code="a">EBZ</subfield>
    <subfield code="d">UtOrBLW</subfield>
  </datafield>
  <datafield tag="042" ind1=" " ind2=" ">
    <subfield code="a">lc-m</subfield>
  </datafield>
  <datafield tag="050" ind1=" " ind2="4">
    <subfield code="a">QK1</subfield>
  </datafield>
  <datafield tag="060" ind1="0" ind2="0">
    <subfield code="a">W1</subfield>
    <subfield code="b">JO837BB</subfield>
  </datafield>
  <datafield tag="070" ind1="0" ind2=" ">
    <subfield code="a">450</subfield>
    <subfield code="b">Z32</subfield>
  </datafield>
  <datafield tag="245" ind1="0" ind2="0">
    <subfield code="a">Journal of plant physiology</subfield>
    <subfield code="h">[electronic resource].</subfield>
  </datafield>
  <datafield tag="260" ind1=" " ind2=" ">
    <subfield code="a">Stuttgart ;</subfield>
    <subfield code="a">New York :</subfield>
    <subfield code="b">G. Fischer,</subfield>
    <subfield code="c">c1984-</subfield>
  </datafield>
  <datafield tag="310" ind1=" " ind2=" ">
    <subfield code="a">Twelve no. a year</subfield>
  </datafield>
  <datafield tag="362" ind1="0" ind2=" ">
    <subfield code="a">Vol. 115, no. 1-</subfield>
  </datafield>
  <datafield tag="500" ind1=" " ind2=" ">
    <subfield code="a">Title from cover.</subfield>
  </datafield>
  <datafield tag="500" ind1=" " ind2=" ">
    <subfield code="a">Latest issue consulted: Vol. 159, no. 7 (July 2002).</subfield>
  </datafield>
  <datafield tag="546" ind1=" " ind2=" ">
    <subfield code="a">English, French, and German.</subfield>
  </datafield>
  <datafield tag="596" ind1=" " ind2=" ">
    <subfield code="a">1</subfield>
  </datafield>
  <datafield tag="650" ind1=" " ind2="0">
    <subfield code="a">Plant physiology</subfield>
    <subfield code="v">Periodicals.</subfield>
  </datafield>
  <datafield tag="650" ind1="1" ind2="2">
    <subfield code="a">Plant Physiology</subfield>
    <subfield code="v">Periodicals.</subfield>
  </datafield>
  <datafield tag="650" ind1="2" ind2="2">
    <subfield code="a">Molecular Biology</subfield>
    <subfield code="v">Periodicals.</subfield>
  </datafield>
  <datafield tag="650" ind1="2" ind2="2">
    <subfield code="a">Biochemistry</subfield>
    <subfield code="v">Periodicals.</subfield>
  </datafield>
  <datafield tag="650" ind1="2" ind2="2">
    <subfield code="a">Biotechnology</subfield>
    <subfield code="v">Periodicals.</subfield>
  </datafield>
  <datafield tag="773" ind1="0" ind2=" ">
    <subfield code="t">ScienceDirect </subfield>
    <subfield code="d">Elsevier Science</subfield>
  </datafield>
  <datafield tag="776" ind1="1" ind2=" ">
    <subfield code="t">Journal of plant physiology</subfield>
    <subfield code="x">0176-1617 </subfield>
    <subfield code="w">ocm11063615 </subfield>
    <subfield code="w">   84647609</subfield>
  </datafield>
  <datafield tag="780" ind1="0" ind2="0">
    <subfield code="t">Zeitschrift für Pflanzenphysiologie</subfield>
    <subfield code="x">0044-328X</subfield>
    <subfield code="w">(DLC)   83647327</subfield>
    <subfield code="w">(OCoLC)7939462</subfield>
  </datafield>
  <datafield tag="780" ind1="0" ind2="5">
    <subfield code="t">Biochemie und Physiologie der Pflanzen</subfield>
    <subfield code="x">0015-3796</subfield>
    <subfield code="w">(DLC)   74649522</subfield>
    <subfield code="w">(OCoLC)2053089</subfield>
  </datafield>
  <datafield tag="949" ind1="0" ind2="0">
    <subfield code="a">ONLINE / EN LIGNE</subfield>
    <subfield code="w">ASIS</subfield>
    <subfield code="t">PER_WEB</subfield>
    <subfield code="l">DESM-WWW</subfield>
    <subfield code="m">BR1</subfield>
  </datafield>
  <datafield tag="856" ind1="4" ind2="0">
    <subfield code="z">Available online: 2001 - </subfield>
    <subfield code="u">http://librweb.laurentian.ca/login?url=http://scholarsportal.info/cgi-bin/sciserv.pl?collection=journals&amp;journal=01761617</subfield>
  </datafield>
  <datafield tag="999" ind1=" " ind2=" ">
    <subfield code="a">ONLINE / EN LIGNE</subfield>
    <subfield code="w">ASIS</subfield>
    <subfield code="c">1</subfield>
    <subfield code="i">779108-1001</subfield>
    <subfield code="l">DESM-WWW</subfield>
    <subfield code="m">BR1</subfield>
    <subfield code="r">Y</subfield>
    <subfield code="s">Y</subfield>
    <subfield code="t">PER_WEB</subfield>
    <subfield code="u">8/9/2006</subfield>
  </datafield>
</record>