
<record xmlns="http://www.loc.gov/MARC21/slim">
  <leader>01529cam a2200289 a 4500</leader>
  <controlfield tag="001">3524782</controlfield>
  <controlfield tag="008">060530s2006    onca     b    000 0 eng d</controlfield>
  <datafield tag="020" ind1=" " ind2=" ">
    <subfield code="a">1897257120 (print)</subfield>
  </datafield>
  <datafield tag="035" ind1=" " ind2=" ">
    <subfield code="a">(Sirsi) a779109</subfield>
  </datafield>
  <datafield tag="060" ind1=" " ind2=" ">
    <subfield code="a">WF 600 L847 2006</subfield>
  </datafield>
  <datafield tag="245" ind1="0" ind2="0">
    <subfield code="a">Long-acting B2-agonists for the maintenance treatment of chronic obstructive pulmonary disease in patients with reversible and non-reversible airflow obstruction :</subfield>
    <subfield code="b">a systematic review of clinical effectiveness /</subfield>
    <subfield code="c">Vijay K. Shukla ... [et al.].</subfield>
  </datafield>
  <datafield tag="246" ind1="3" ind2=" ">
    <subfield code="a">Long acting B2 agonists for the maintenance treatment of chronic obstructive pulmonary disease in patients with reversible and non-reversible airflow obstruction</subfield>
  </datafield>
  <datafield tag="260" ind1=" " ind2=" ">
    <subfield code="a">Ottawa, ON :</subfield>
    <subfield code="b">CCOHTA, </subfield>
    <subfield code="c">2006.</subfield>
  </datafield>
  <datafield tag="300" ind1=" " ind2=" ">
    <subfield code="a">ix, 41 p. :</subfield>
    <subfield code="b">ill.</subfield>
  </datafield>
  <datafield tag="490" ind1="1" ind2=" ">
    <subfield code="a">Technology report ;</subfield>
    <subfield code="v">issue 65</subfield>
  </datafield>
  <datafield tag="500" ind1=" " ind2=" ">
    <subfield code="a">&quot;March 2006&quot;</subfield>
  </datafield>
  <datafield tag="504" ind1=" " ind2=" ">
    <subfield code="a">Includes bibliographical references.</subfield>
  </datafield>
  <datafield tag="590" ind1=" " ind2=" ">
    <subfield code="a">Both the Caritas_GN Grey Nuns Community Hospital and Caritas_MH Misericordia Community Hospital librarycopies are shelved with the journals.</subfield>
  </datafield>
  <datafield tag="650" ind1=" " ind2="2">
    <subfield code="a">Lung Diseases, Obstructive</subfield>
    <subfield code="x">drug therapy.</subfield>
  </datafield>
  <datafield tag="650" ind1=" " ind2="2">
    <subfield code="a">Adrenergic beta-Agonists</subfield>
    <subfield code="x">therapeutic use.</subfield>
  </datafield>
  <datafield tag="650" ind1=" " ind2="2">
    <subfield code="a">Airway Obstruction.</subfield>
  </datafield>
  <datafield tag="650" ind1=" " ind2="2">
    <subfield code="a">Drug Evaluation.</subfield>
  </datafield>
  <datafield tag="700" ind1="1" ind2=" ">
    <subfield code="a">Shukla, Vijay K.</subfield>
  </datafield>
  <datafield tag="710" ind1="2" ind2=" ">
    <subfield code="a">Canadian Coordinating Office for Health Technology Assessment.</subfield>
  </datafield>
  <datafield tag="830" ind1=" " ind2="0">
    <subfield code="a">Technology report (Canadian Coordinating Office for Health Technology Assessment) ;</subfield>
    <subfield code="v">issue 65.</subfield>
  </datafield>
  <datafield tag="596" ind1=" " ind2=" ">
    <subfield code="a">27</subfield>
  </datafield>
  <datafield tag="999" ind1=" " ind2=" ">
    <subfield code="a">WF 600 L847 2006</subfield>
    <subfield code="w">NLM</subfield>
    <subfield code="c">1</subfield>
    <subfield code="i">30007007381188</subfield>
    <subfield code="l">SL1J-CIR</subfield>
    <subfield code="m">SL1</subfield>
    <subfield code="r">Y</subfield>
    <subfield code="s">Y</subfield>
    <subfield code="t">BOOKS</subfield>
    <subfield code="u">8/9/2006</subfield>
  </datafield>
</record>