
<record xmlns="http://www.loc.gov/MARC21/slim">
  <leader>01405cam a2200313 a 4500</leader>
  <controlfield tag="001">3524809</controlfield>
  <controlfield tag="008">060530s2006    onc      b    000 0 eng d</controlfield>
  <datafield tag="020" ind1=" " ind2=" ">
    <subfield code="a">1894978986 (print)</subfield>
  </datafield>
  <datafield tag="035" ind1=" " ind2=" ">
    <subfield code="a">(Sirsi) a779111</subfield>
  </datafield>
  <datafield tag="060" ind1=" " ind2="0">
    <subfield code="a">QZ 50 B827 2006</subfield>
  </datafield>
  <datafield tag="245" ind1="0" ind2="0">
    <subfield code="a">BRCA1 and BRCA2 predictive genetic testing for breast and ovarian cancers :</subfield>
    <subfield code="b">a systematic review of clinical evidence /</subfield>
    <subfield code="c">Lynda McGahan ... [et al.].</subfield>
  </datafield>
  <datafield tag="260" ind1=" " ind2=" ">
    <subfield code="a">Ottawa, ON :</subfield>
    <subfield code="b">CCOHTA, </subfield>
    <subfield code="c">2006.</subfield>
  </datafield>
  <datafield tag="300" ind1=" " ind2=" ">
    <subfield code="a">xiv, p. 94 p. :</subfield>
    <subfield code="b">ill. ;</subfield>
    <subfield code="c">28 cm.</subfield>
  </datafield>
  <datafield tag="490" ind1="1" ind2=" ">
    <subfield code="a">Technology report ;</subfield>
    <subfield code="v">issue 66</subfield>
  </datafield>
  <datafield tag="500" ind1=" " ind2=" ">
    <subfield code="a">&quot;March 2006&quot;</subfield>
  </datafield>
  <datafield tag="504" ind1=" " ind2=" ">
    <subfield code="a">Includes bibliographical references (p. 71-94).</subfield>
  </datafield>
  <datafield tag="590" ind1=" " ind2=" ">
    <subfield code="a">Both the Caritas_GN Grey Nuns Community Hospital and Caritas_MH Misericordia Community Hospital librarycopies are shelved with the journals.</subfield>
  </datafield>
  <datafield tag="650" ind1=" " ind2="0">
    <subfield code="a">Cancer</subfield>
    <subfield code="x">Genetic aspects.</subfield>
  </datafield>
  <datafield tag="650" ind1=" " ind2="0">
    <subfield code="a">Breast</subfield>
    <subfield code="x">Cancer</subfield>
    <subfield code="x">Genetic aspects.</subfield>
  </datafield>
  <datafield tag="650" ind1=" " ind2="0">
    <subfield code="a">Ovaries</subfield>
    <subfield code="x">Cancer</subfield>
    <subfield code="x">Genetic aspects.</subfield>
  </datafield>
  <datafield tag="650" ind1=" " ind2="2">
    <subfield code="a">Genetic Screening.</subfield>
  </datafield>
  <datafield tag="650" ind1=" " ind2="2">
    <subfield code="a">Genetic Predisposition to Disease.</subfield>
  </datafield>
  <datafield tag="650" ind1=" " ind2="2">
    <subfield code="a">Breast Neoplasms</subfield>
    <subfield code="x">genetics.</subfield>
  </datafield>
  <datafield tag="650" ind1=" " ind2="2">
    <subfield code="a">Ovarian Neoplasms</subfield>
    <subfield code="x">genetics.</subfield>
  </datafield>
  <datafield tag="700" ind1="1" ind2=" ">
    <subfield code="a">McGahan, Lynda.</subfield>
  </datafield>
  <datafield tag="710" ind1="2" ind2=" ">
    <subfield code="a">Canadian Coordinating Office for Health Technology Assessment</subfield>
  </datafield>
  <datafield tag="830" ind1=" " ind2="0">
    <subfield code="a">Technology report (Canadian Coordinating Office for Health Technology Assessment) ;</subfield>
    <subfield code="v">issue 66.</subfield>
  </datafield>
  <datafield tag="596" ind1=" " ind2=" ">
    <subfield code="a">27</subfield>
  </datafield>
  <datafield tag="999" ind1=" " ind2=" ">
    <subfield code="a">QZ 50 B827 2006</subfield>
    <subfield code="w">LC</subfield>
    <subfield code="c">1</subfield>
    <subfield code="i">30007007380222</subfield>
    <subfield code="l">SL1L-CIR</subfield>
    <subfield code="m">SL1</subfield>
    <subfield code="r">Y</subfield>
    <subfield code="s">Y</subfield>
    <subfield code="t">BOOKS</subfield>
    <subfield code="u">8/9/2006</subfield>
  </datafield>
</record>