
<record xmlns="http://www.loc.gov/MARC21/slim">
  <leader>00617nam a2200169 a 4500</leader>
  <controlfield tag="001">02-0002573</controlfield>
  <controlfield tag="005">20000918135128.0</controlfield>
  <controlfield tag="008">      s1999                  001 0 eng u</controlfield>
  <datafield tag="035" ind1=" " ind2=" ">
    <subfield code="a">(Sirsi) a779112</subfield>
  </datafield>
  <datafield tag="060" ind1="0" ind2="0">
    <subfield code="a">W 85 P37 1999</subfield>
  </datafield>
  <datafield tag="245" ind1="1" ind2="0">
    <subfield code="a">Partners in patient education</subfield>
    <subfield code="b">creating an impact/</subfield>
    <subfield code="c">Cancer Care Ontario and Toronto Hospital Princess Margaret Hospital</subfield>
  </datafield>
  <datafield tag="260" ind1=" " ind2=" ">
    <subfield code="a">Toronto</subfield>
    <subfield code="b">Cancer Care Ontario</subfield>
    <subfield code="c">1999</subfield>
  </datafield>
  <datafield tag="300" ind1=" " ind2=" ">
    <subfield code="a">1 v.</subfield>
  </datafield>
  <datafield tag="650" ind1="0" ind2="0">
    <subfield code="a">Patient Education -study and teaching</subfield>
  </datafield>
  <datafield tag="650" ind1="0" ind2="0">
    <subfield code="a">Patient Education - Congresses</subfield>
  </datafield>
  <datafield tag="596" ind1=" " ind2=" ">
    <subfield code="a">27</subfield>
  </datafield>
  <datafield tag="999" ind1=" " ind2=" ">
    <subfield code="a">W 85 P37 1999</subfield>
    <subfield code="w">NLM</subfield>
    <subfield code="c">1</subfield>
    <subfield code="i">30007007334989</subfield>
    <subfield code="l">SL1L-CIR</subfield>
    <subfield code="m">SL1</subfield>
    <subfield code="r">Y</subfield>
    <subfield code="s">Y</subfield>
    <subfield code="t">BOOKS</subfield>
    <subfield code="u">8/9/2006</subfield>
  </datafield>
</record>