
<record xmlns="http://www.loc.gov/MARC21/slim">
  <leader>01004cam a2200145   4500</leader>
  <controlfield tag="008">060908s1996    onc           000 0 fre u</controlfield>
  <datafield tag="020" ind1=" " ind2=" ">
    <subfield code="a">27613071519Guide d&apos;enseignement)</subfield>
  </datafield>
  <datafield tag="035" ind1=" " ind2=" ">
    <subfield code="a">(Sirsi) a779135</subfield>
  </datafield>
  <datafield tag="100" ind1="1" ind2=" ">
    <subfield code="a">Gaouette, Denise</subfield>
  </datafield>
  <datafield tag="245" ind1="1" ind2="3">
    <subfield code="a">En tête :</subfield>
    <subfield code="b">guide d&apos;enseignement /</subfield>
    <subfield code="c">Denise Gaouette</subfield>
  </datafield>
  <datafield tag="260" ind1=" " ind2=" ">
    <subfield code="a">Ottawa, Ont :</subfield>
    <subfield code="b">Éditions du renouveau pédagogique,</subfield>
    <subfield code="c">1996</subfield>
  </datafield>
  <datafield tag="300" ind1=" " ind2=" ">
    <subfield code="a">712 p.</subfield>
  </datafield>
  <datafield tag="500" ind1=" " ind2=" ">
    <subfield code="a">[ptie 1] Je retourne à l&apos;école -- [ptie 2] Tout le monde travaille -- [ptie 3] Je prends soin de moi -- [ptie 4] J&apos;ai le coeur à la fête -- [ptie 5] Vroum! vroum! je me déplace -- [ptie 6] Brrr! Brrr! mains froides, coeur chaud -- [ptie 7] Tss- tss! un peu d&apos;ordre, s&apos;il bous plaît! -- [ptie 8] Dring! dring! le printemps se réveille -- [ptie 9] Bzzii! bzzii! vivre dans la nature -- [ptie 10] Croâ! croâ!...meuh! meuh!... les animaux de mon été [ptie 11] Documents reproductibles annexes, fiches</subfield>
  </datafield>
  <datafield tag="596" ind1=" " ind2=" ">
    <subfield code="a">10</subfield>
  </datafield>
  <datafield tag="999" ind1=" " ind2=" ">
    <subfield code="a">FRA 2 GAO g.1</subfield>
    <subfield code="w">ALPHANUM</subfield>
    <subfield code="c">1</subfield>
    <subfield code="i">30009000021811</subfield>
    <subfield code="l">EDUC-REF</subfield>
    <subfield code="m">BR2</subfield>
    <subfield code="r">N</subfield>
    <subfield code="s">Y</subfield>
    <subfield code="t">BOOKS</subfield>
    <subfield code="u">8/9/2006</subfield>
  </datafield>
</record>