
<record xmlns="http://www.loc.gov/MARC21/slim">
  <leader>01520cam a2200193   4500</leader>
  <controlfield tag="008">060908s2005    fr            001 0 fra u</controlfield>
  <datafield tag="020" ind1=" " ind2=" ">
    <subfield code="a">2711772144</subfield>
  </datafield>
  <datafield tag="035" ind1=" " ind2=" ">
    <subfield code="a">(Sirsi) a779147</subfield>
  </datafield>
  <datafield tag="100" ind1="1" ind2=" ">
    <subfield code="a">Fondanèche, Daniel</subfield>
  </datafield>
  <datafield tag="245" ind1="1" ind2="0">
    <subfield code="a">Paralittératures /</subfield>
    <subfield code="c">par Daniel Fondanèche ; préface de Pierre Brunel</subfield>
  </datafield>
  <datafield tag="260" ind1=" " ind2=" ">
    <subfield code="a">Paris :</subfield>
    <subfield code="b">Vuibert, </subfield>
    <subfield code="c">2005</subfield>
  </datafield>
  <datafield tag="300" ind1=" " ind2=" ">
    <subfield code="a">734 p.</subfield>
  </datafield>
  <datafield tag="504" ind1=" " ind2=" ">
    <subfield code="a">Bibliogr.: p. 695-[707]. Index.</subfield>
  </datafield>
  <datafield tag="520" ind1=" " ind2=" ">
    <subfield code="a">Que dire de cet essai ambitieux et très intégral qui divise la matière en cinq parties: Socle spéculatif (roman policier, science-fiction, fantastique, utopie) - Socle de l&apos;aventure (espionnage, western) - Socle psychologique (sentimental, rose, érotique) - Socle iconique (roman photo, bandes dessinées) - Socle documentaire (roman historique, rustique et uchronique)? Admirons l&apos;effort d&apos;un universitaire de présenter, de façon laudative et sans jargon, cette littérature qu&apos;on lit sinon en cachette du moins en privé et consultons la bibliographie (p. 695-707) pour trouver des réponses ou des solutions pour la formule la plus appréciée. Yvon Allard</subfield>
  </datafield>
  <datafield tag="650" ind1=" " ind2="6">
    <subfield code="a">Paralittérature </subfield>
    <subfield code="x">Histoire et critique</subfield>
  </datafield>
  <datafield tag="596" ind1=" " ind2=" ">
    <subfield code="a">5</subfield>
  </datafield>
  <datafield tag="999" ind1=" " ind2=" ">
    <subfield code="a">809.3 F</subfield>
    <subfield code="w">DEWEY</subfield>
    <subfield code="c">1</subfield>
    <subfield code="i">31234003641311</subfield>
    <subfield code="l">HRST-PRET</subfield>
    <subfield code="m">BM1</subfield>
    <subfield code="p">$80.95</subfield>
    <subfield code="r">Y</subfield>
    <subfield code="s">Y</subfield>
    <subfield code="t">BOOKS</subfield>
    <subfield code="u">8/9/2006</subfield>
    <subfield code="o">.STAFF. Somabec / DG / 2006</subfield>
  </datafield>
  <datafield tag="999" ind1=" " ind2=" ">
    <subfield code="a">809.3 F</subfield>
    <subfield code="w">DEWEY</subfield>
    <subfield code="c">2</subfield>
    <subfield code="i">31234003641329</subfield>
    <subfield code="l">HRSTK-PRET</subfield>
    <subfield code="m">BM1</subfield>
    <subfield code="p">$80.95</subfield>
    <subfield code="r">Y</subfield>
    <subfield code="s">Y</subfield>
    <subfield code="t">BOOKS</subfield>
    <subfield code="u">8/9/2006</subfield>
    <subfield code="o">.STAFF. Somabec / DG / 2006</subfield>
  </datafield>
  <datafield tag="999" ind1=" " ind2=" ">
    <subfield code="a">809.3 F</subfield>
    <subfield code="w">DEWEY</subfield>
    <subfield code="c">3</subfield>
    <subfield code="i">31234003641337</subfield>
    <subfield code="l">HRSTT-PRET</subfield>
    <subfield code="m">BM1</subfield>
    <subfield code="p">$80.95</subfield>
    <subfield code="r">Y</subfield>
    <subfield code="s">Y</subfield>
    <subfield code="t">BOOKS</subfield>
    <subfield code="u">8/9/2006</subfield>
    <subfield code="o">.STAFF. Somabec / DG / 2006</subfield>
  </datafield>
</record>