
<record xmlns="http://www.loc.gov/MARC21/slim">
  <leader>00539cas a2200121   4500</leader>
  <controlfield tag="008">060908n                            eng u</controlfield>
  <datafield tag="022" ind1=" " ind2=" ">
    <subfield code="a">1440-2440</subfield>
  </datafield>
  <datafield tag="035" ind1=" " ind2=" ">
    <subfield code="a">(Sirsi) a779150</subfield>
  </datafield>
  <datafield tag="245" ind1="0" ind2="0">
    <subfield code="a">Journal of Science and Medicine in Sport</subfield>
    <subfield code="h">[electronic resource]</subfield>
  </datafield>
  <datafield tag="260" ind1=" " ind2=" ">
    <subfield code="b">Elsevier Science</subfield>
  </datafield>
  <datafield tag="856" ind1="4" ind2="0">
    <subfield code="z">Available online: 1998 - 2006</subfield>
    <subfield code="u">http://librweb.laurentian.ca/login?url=http://scholarsportal.info/cgi-bin/sciserv.pl?collection=journals&amp;journal=14402440</subfield>
  </datafield>
  <datafield tag="596" ind1=" " ind2=" ">
    <subfield code="a">1</subfield>
  </datafield>
  <datafield tag="999" ind1=" " ind2=" ">
    <subfield code="a">ONLINE / EN LIGNE</subfield>
    <subfield code="w">ASIS</subfield>
    <subfield code="c">1</subfield>
    <subfield code="i">779150-1001</subfield>
    <subfield code="l">DESM-WWW</subfield>
    <subfield code="m">BR1</subfield>
    <subfield code="r">Y</subfield>
    <subfield code="s">Y</subfield>
    <subfield code="t">PER_WEB</subfield>
    <subfield code="u">8/9/2006</subfield>
  </datafield>
</record>