
<record xmlns="http://www.loc.gov/MARC21/slim">
  <leader>01182cam a2200229   4500</leader>
  <controlfield tag="008">060908s2006    be       b    000 0 fre u</controlfield>
  <datafield tag="020" ind1=" " ind2=" ">
    <subfield code="a">9052012865</subfield>
  </datafield>
  <datafield tag="035" ind1=" " ind2=" ">
    <subfield code="a">(Sirsi) a779153</subfield>
  </datafield>
  <datafield tag="055" ind1=" " ind2="4">
    <subfield code="a">DD801.H21</subfield>
    <subfield code="b">R453 2006</subfield>
  </datafield>
  <datafield tag="245" ind1="0" ind2="4">
    <subfield code="a">Les Relations entre la France et les villes hanséatiques de Hambourg, Brême et Lubëck :</subfield>
    <subfield code="b">Moyen âge-XIXe siècle = Die Beziehungen zwischen Frankreich und den Hansestädten Hamburg, Bremen und Lübeck : Mittelalter-19. Jahrhundert /</subfield>
    <subfield code="c">Isabelle Richefort &amp; Burghart Schmidt (dir./Hg.)</subfield>
  </datafield>
  <datafield tag="246" ind1="3" ind2="1">
    <subfield code="a">Die Beziehungen zwischen Frankreich und den Hansestädten Hamburg, Bremen und Lübeck</subfield>
  </datafield>
  <datafield tag="260" ind1=" " ind2=" ">
    <subfield code="a">Bruxelles :</subfield>
    <subfield code="b">Direction des Archives, Ministère des affaires étrangères,</subfield>
    <subfield code="c">2006.</subfield>
  </datafield>
  <datafield tag="300" ind1=" " ind2=" ">
    <subfield code="a">536 p.</subfield>
  </datafield>
  <datafield tag="440" ind1=" " ind2="0">
    <subfield code="a">Diplomatie et histoire</subfield>
  </datafield>
  <datafield tag="500" ind1=" " ind2=" ">
    <subfield code="a">Contributions en français et en allemand.</subfield>
  </datafield>
  <datafield tag="504" ind1=" " ind2=" ">
    <subfield code="a">Bibliogr.</subfield>
  </datafield>
  <datafield tag="651" ind1=" " ind2="6">
    <subfield code="a">Villes de la Hanse</subfield>
    <subfield code="x">Relations</subfield>
    <subfield code="z">France</subfield>
    <subfield code="v">Congrès.</subfield>
  </datafield>
  <datafield tag="651" ind1=" " ind2="6">
    <subfield code="a">France</subfield>
    <subfield code="x">Relations</subfield>
    <subfield code="z">Villes de la Hanse</subfield>
    <subfield code="v">Congrès.</subfield>
  </datafield>
  <datafield tag="700" ind1="1" ind2=" ">
    <subfield code="a">Richefort, Isabelle.</subfield>
  </datafield>
  <datafield tag="700" ind1="1" ind2=" ">
    <subfield code="a">Schmidt, Burghart.</subfield>
  </datafield>
  <datafield tag="596" ind1=" " ind2=" ">
    <subfield code="a">1</subfield>
  </datafield>
  <datafield tag="999" ind1=" " ind2=" ">
    <subfield code="a">DD 801 H2 R453 2006</subfield>
    <subfield code="w">LC</subfield>
    <subfield code="c">1</subfield>
    <subfield code="i">30007008335472</subfield>
    <subfield code="d">3/24/2007</subfield>
    <subfield code="e">3/12/2007</subfield>
    <subfield code="l">DESM-CIR</subfield>
    <subfield code="m">BR1</subfield>
    <subfield code="n">3</subfield>
    <subfield code="p">$60.74</subfield>
    <subfield code="r">Y</subfield>
    <subfield code="s">Y</subfield>
    <subfield code="t">BOOKS</subfield>
    <subfield code="u">10/24/2006</subfield>
  </datafield>
</record>