
<record xmlns="http://www.loc.gov/MARC21/slim">
  <leader>00914nam a2200229 a 4500</leader>
  <controlfield tag="001">11-0001774</controlfield>
  <controlfield tag="005">19970822140606.0</controlfield>
  <controlfield tag="008">970701s1984    quc          u000 0 fre u</controlfield>
  <datafield tag="020" ind1=" " ind2=" ">
    <subfield code="a">0887761712</subfield>
  </datafield>
  <datafield tag="035" ind1=" " ind2=" ">
    <subfield code="a">(Sirsi) a779154</subfield>
  </datafield>
  <datafield tag="044" ind1=" " ind2=" ">
    <subfield code="a">quc</subfield>
    <subfield code="a">onc</subfield>
  </datafield>
  <datafield tag="084" ind1=" " ind2=" ">
    <subfield code="a">+INT&apos;086&apos;L17</subfield>
    <subfield code="2">cncodoc</subfield>
  </datafield>
  <datafield tag="100" ind1="1" ind2=" ">
    <subfield code="a">Carrier, Roch</subfield>
  </datafield>
  <datafield tag="245" ind1="0" ind2="3">
    <subfield code="a">Le chandail de hockey /</subfield>
    <subfield code="c">Roch Carrier</subfield>
  </datafield>
  <datafield tag="260" ind1=" " ind2=" ">
    <subfield code="a">Montréal, Que. :</subfield>
    <subfield code="b">Livres Toundra ;</subfield>
    <subfield code="a">Ottawa, Ont. :</subfield>
    <subfield code="b">Centre franco-ontarien de ressources pédagogiques,</subfield>
    <subfield code="c">1984.</subfield>
  </datafield>
  <datafield tag="349" ind1=" " ind2=" ">
    <subfield code="a">manuel de lecture</subfield>
  </datafield>
  <datafield tag="440" ind1=" " ind2="0">
    <subfield code="a">Collection : A partir d&apos;un livre 1</subfield>
  </datafield>
  <datafield tag="500" ind1=" " ind2=" ">
    <subfield code="a">&quot;4e a la 6e annee&quot;</subfield>
  </datafield>
  <datafield tag="650" ind1=" " ind2="6">
    <subfield code="a">Interdisciplinarité</subfield>
    <subfield code="x">livre d&apos;histoire</subfield>
    <subfield code="y">4e a la 6e année.</subfield>
  </datafield>
  <datafield tag="949" ind1=" " ind2=" ">
    <subfield code="a">INT 086 L17</subfield>
    <subfield code="w">ALPHANUM</subfield>
    <subfield code="i">30007005277511</subfield>
    <subfield code="p">6.95</subfield>
    <subfield code="r">Y</subfield>
    <subfield code="t">BOOKS</subfield>
    <subfield code="l">EDUC-CIRC</subfield>
    <subfield code="m">BR2</subfield>
    <subfield code="o">.COMMENT. Document du CFORP</subfield>
  </datafield>
  <datafield tag="596" ind1=" " ind2=" ">
    <subfield code="a">10</subfield>
  </datafield>
  <datafield tag="999" ind1=" " ind2=" ">
    <subfield code="a">jeunesse-lecture 4.6 CAR</subfield>
    <subfield code="w">ALPHANUM</subfield>
    <subfield code="c">1</subfield>
    <subfield code="i">30009000012547</subfield>
    <subfield code="l">EDUC-REF</subfield>
    <subfield code="m">BR2</subfield>
    <subfield code="r">N</subfield>
    <subfield code="s">Y</subfield>
    <subfield code="t">BOOKS</subfield>
    <subfield code="u">8/9/2006</subfield>
  </datafield>
</record>