
<record xmlns="http://www.loc.gov/MARC21/slim">
  <leader>01633cas a2200349 a 4500</leader>
  <controlfield tag="001">000031484083</controlfield>
  <controlfield tag="008">050627c20039999qucar4       f0   a0eng  </controlfield>
  <datafield tag="022" ind1="0" ind2=" ">
    <subfield code="a">1719-1335</subfield>
  </datafield>
  <datafield tag="035" ind1=" " ind2=" ">
    <subfield code="a">(Sirsi) a779155</subfield>
  </datafield>
  <datafield tag="035" ind1=" " ind2=" ">
    <subfield code="a">(Sirsi) s1719-1335</subfield>
  </datafield>
  <datafield tag="040" ind1=" " ind2=" ">
    <subfield code="d">UtOrBLW</subfield>
  </datafield>
  <datafield tag="050" ind1=" " ind2="4">
    <subfield code="a">Z487</subfield>
    <subfield code="b">.P75</subfield>
  </datafield>
  <datafield tag="245" ind1="0" ind2="0">
    <subfield code="a">Printed matters :</subfield>
    <subfield code="b">book publishing policy and programs annual report = Question d&apos;édition : politique et programmes de l&apos;édition du livre, rapport annuel.</subfield>
  </datafield>
  <datafield tag="260" ind1=" " ind2=" ">
    <subfield code="a">Gatineau, Qué. :</subfield>
    <subfield code="b">Canadian Heritage = Patrimoing canadien,</subfield>
    <subfield code="c">2003-</subfield>
  </datafield>
  <datafield tag="300" ind1=" " ind2=" ">
    <subfield code="a">v. :</subfield>
    <subfield code="b">ill.</subfield>
  </datafield>
  <datafield tag="310" ind1=" " ind2=" ">
    <subfield code="a">Annual = Annuel.</subfield>
  </datafield>
  <datafield tag="362" ind1="0" ind2=" ">
    <subfield code="a">2002/2003-</subfield>
  </datafield>
  <datafield tag="500" ind1=" " ind2=" ">
    <subfield code="a">Text in English and French bound back-to-back = Texte en français et en anglais disposé tête-bêche.</subfield>
  </datafield>
  <datafield tag="596" ind1=" " ind2=" ">
    <subfield code="a">1</subfield>
  </datafield>
  <datafield tag="610" ind1="1" ind2="0">
    <subfield code="a">Canada.</subfield>
    <subfield code="b">Book Publishing Policy and Programs</subfield>
    <subfield code="v">Periodicals.</subfield>
  </datafield>
  <datafield tag="610" ind1="1" ind2="6">
    <subfield code="a">Canada.</subfield>
    <subfield code="b">Politique et programmes de l&apos;édition du livre</subfield>
    <subfield code="v">Périodiques.</subfield>
  </datafield>
  <datafield tag="650" ind1=" " ind2="0">
    <subfield code="a">Federal aid to publishing</subfield>
    <subfield code="z">Canada</subfield>
    <subfield code="v">Periodicals.</subfield>
  </datafield>
  <datafield tag="650" ind1=" " ind2="0">
    <subfield code="a">Publishers and publishing</subfield>
    <subfield code="z">Canada</subfield>
    <subfield code="v">Periodicals.</subfield>
  </datafield>
  <datafield tag="650" ind1=" " ind2="0">
    <subfield code="a">Publishers and publishing</subfield>
    <subfield code="x">Government policy</subfield>
    <subfield code="z">Canada</subfield>
    <subfield code="v">Periodicals.</subfield>
  </datafield>
  <datafield tag="650" ind1=" " ind2="6">
    <subfield code="a">Aide de l&apos;État à l&apos;édition</subfield>
    <subfield code="z">Canada</subfield>
    <subfield code="v">Périodiques.</subfield>
  </datafield>
  <datafield tag="650" ind1=" " ind2="6">
    <subfield code="a">Édition</subfield>
    <subfield code="z">Canada</subfield>
    <subfield code="v">Périodiques.</subfield>
  </datafield>
  <datafield tag="650" ind1=" " ind2="6">
    <subfield code="a">Édition</subfield>
    <subfield code="x">Politique gouvernementale</subfield>
    <subfield code="z">Canada</subfield>
    <subfield code="v">Périodiques.</subfield>
  </datafield>
  <datafield tag="710" ind1="1" ind2=" ">
    <subfield code="a">Canada.</subfield>
    <subfield code="b">Book Publishing Policy and Programs.</subfield>
  </datafield>
  <datafield tag="710" ind1="1" ind2=" ">
    <subfield code="a">Canada.</subfield>
    <subfield code="b">Politique et programmes de l&apos;édition du livre.</subfield>
  </datafield>
  <datafield tag="349" ind1=" " ind2=" ">
    <subfield code="a">Depository Services Canada/Services de dépôt</subfield>
  </datafield>
  <datafield tag="599" ind1=" " ind2=" ">
    <subfield code="a">1</subfield>
    <subfield code="b">2004/2005;</subfield>
  </datafield>
  <datafield tag="999" ind1=" " ind2=" ">
    <subfield code="a">Z 487 P75 Per.</subfield>
    <subfield code="w">LC</subfield>
    <subfield code="c">1</subfield>
    <subfield code="i">779155-1001</subfield>
    <subfield code="l">DESM-PER</subfield>
    <subfield code="m">BR1</subfield>
    <subfield code="r">Y</subfield>
    <subfield code="s">Y</subfield>
    <subfield code="t">PERIODICAL</subfield>
    <subfield code="u">8/9/2006</subfield>
    <subfield code="x">DOCUMENTS</subfield>
  </datafield>
</record>
<record xmlns="http://www.loc.gov/MARC21/slim">
  <leader>00333cy  a22001094  4500</leader>
  <controlfield tag="001">42960</controlfield>
  <controlfield tag="008">060908                eng 060908        </controlfield>
  <datafield tag="035" ind1=" " ind2=" ">
    <subfield code="a">(Sirsi) a779155</subfield>
  </datafield>
  <datafield tag="852" ind1=" " ind2=" ">
    <subfield code="b">BR1</subfield>
    <subfield code="c">DESM-PER</subfield>
  </datafield>
  <datafield tag="853" ind1="2" ind2=" ">
    <subfield code="8">1</subfield>
    <subfield code="a">(year)</subfield>
  </datafield>
  <datafield tag="863" ind1=" " ind2="1">
    <subfield code="8">1.1</subfield>
    <subfield code="a">2004/2005</subfield>
  </datafield>
  <datafield tag="999" ind1=" " ind2=" ">
    <subfield code="a">Z 487 P75 Per.</subfield>
    <subfield code="w">LC</subfield>
    <subfield code="c">1</subfield>
    <subfield code="i">779155-1001</subfield>
    <subfield code="l">DESM-PER</subfield>
    <subfield code="m">BR1</subfield>
    <subfield code="r">Y</subfield>
    <subfield code="s">Y</subfield>
    <subfield code="t">PERIODICAL</subfield>
    <subfield code="u">8/9/2006</subfield>
    <subfield code="x">DOCUMENTS</subfield>
  </datafield>
</record>