
<record xmlns="http://www.loc.gov/MARC21/slim">
  <leader>01476cas a22003014a 4500</leader>
  <controlfield tag="001">000032832091</controlfield>
  <controlfield tag="008">060815c20059999qucar4       f0   a0eng  </controlfield>
  <datafield tag="022" ind1="0" ind2=" ">
    <subfield code="a">1910-3603</subfield>
  </datafield>
  <datafield tag="035" ind1=" " ind2=" ">
    <subfield code="a">(Sirsi) a779160</subfield>
  </datafield>
  <datafield tag="035" ind1=" " ind2=" ">
    <subfield code="a">(Sirsi) s1910-3603</subfield>
  </datafield>
  <datafield tag="040" ind1=" " ind2=" ">
    <subfield code="d">UtOrBLW</subfield>
  </datafield>
  <datafield tag="050" ind1=" " ind2="4">
    <subfield code="a">HC59.8</subfield>
    <subfield code="b">.B73</subfield>
  </datafield>
  <datafield tag="245" ind1="1" ind2="0">
    <subfield code="a">Branch performance report, Multilateral Programs Branch =</subfield>
    <subfield code="b">Rapport sur le rendement, Direction générale des programmes multilatéraux.</subfield>
  </datafield>
  <datafield tag="260" ind1=" " ind2=" ">
    <subfield code="a">Gatineau, Qué. :</subfield>
    <subfield code="b">Canadian International Development Agency = Agence canadienne de développement international,</subfield>
    <subfield code="c">2005-</subfield>
  </datafield>
  <datafield tag="300" ind1=" " ind2=" ">
    <subfield code="a">v. :</subfield>
    <subfield code="b">ill.</subfield>
  </datafield>
  <datafield tag="310" ind1=" " ind2=" ">
    <subfield code="a">Annual = Annuel.</subfield>
  </datafield>
  <datafield tag="362" ind1="0" ind2=" ">
    <subfield code="a">2004/2005-</subfield>
  </datafield>
  <datafield tag="596" ind1=" " ind2=" ">
    <subfield code="a">1</subfield>
  </datafield>
  <datafield tag="610" ind1="2" ind2="0">
    <subfield code="a">Canadian International Development Agency.</subfield>
    <subfield code="b">Multilateral Programs Branch</subfield>
    <subfield code="v">Periodicals.</subfield>
  </datafield>
  <datafield tag="610" ind1="2" ind2="6">
    <subfield code="a">Agence canadienne de développement international.</subfield>
    <subfield code="b">Direction générale des programmes multilatéraux</subfield>
    <subfield code="v">Périodiques.</subfield>
  </datafield>
  <datafield tag="650" ind1=" " ind2="0">
    <subfield code="a">Economic assistance, Canadian</subfield>
    <subfield code="v">Periodicals.</subfield>
  </datafield>
  <datafield tag="650" ind1=" " ind2="0">
    <subfield code="a">Technical assistance, Canadian</subfield>
    <subfield code="v">Periodicals.</subfield>
  </datafield>
  <datafield tag="650" ind1=" " ind2="6">
    <subfield code="a">Aide économique canadienne</subfield>
    <subfield code="v">Périodiques.</subfield>
  </datafield>
  <datafield tag="650" ind1=" " ind2="6">
    <subfield code="a">Assistance technique canadienne</subfield>
    <subfield code="v">Périodiques.</subfield>
  </datafield>
  <datafield tag="710" ind1="2" ind2=" ">
    <subfield code="a">Canadian International Development Agency.</subfield>
    <subfield code="b">Multilateral Programs Branch.</subfield>
  </datafield>
  <datafield tag="710" ind1="2" ind2=" ">
    <subfield code="a">Agence canadienne de développement international.</subfield>
    <subfield code="b">Direction générale des programmes multilatéraux.</subfield>
  </datafield>
  <datafield tag="599" ind1=" " ind2=" ">
    <subfield code="a">1</subfield>
    <subfield code="b">2004/2005;</subfield>
  </datafield>
  <datafield tag="999" ind1=" " ind2=" ">
    <subfield code="a">HC 59.8 B73 Per.</subfield>
    <subfield code="w">LC</subfield>
    <subfield code="c">1</subfield>
    <subfield code="i">779160-1001</subfield>
    <subfield code="l">DESM-PER</subfield>
    <subfield code="m">BR1</subfield>
    <subfield code="r">Y</subfield>
    <subfield code="s">Y</subfield>
    <subfield code="t">PERIODICAL</subfield>
    <subfield code="u">8/9/2006</subfield>
    <subfield code="x">DEPOSIT</subfield>
  </datafield>
</record>
<record xmlns="http://www.loc.gov/MARC21/slim">
  <leader>00333cy  a22001094  4500</leader>
  <controlfield tag="001">42961</controlfield>
  <controlfield tag="008">060908                eng 060908        </controlfield>
  <datafield tag="035" ind1=" " ind2=" ">
    <subfield code="a">(Sirsi) a779160</subfield>
  </datafield>
  <datafield tag="852" ind1=" " ind2=" ">
    <subfield code="b">BR1</subfield>
    <subfield code="c">DESM-PER</subfield>
  </datafield>
  <datafield tag="853" ind1="2" ind2=" ">
    <subfield code="8">1</subfield>
    <subfield code="a">(year)</subfield>
  </datafield>
  <datafield tag="863" ind1=" " ind2="1">
    <subfield code="8">1.1</subfield>
    <subfield code="a">2004/2005</subfield>
  </datafield>
  <datafield tag="999" ind1=" " ind2=" ">
    <subfield code="a">HC 59.8 B73 Per.</subfield>
    <subfield code="w">LC</subfield>
    <subfield code="c">1</subfield>
    <subfield code="i">779160-1001</subfield>
    <subfield code="l">DESM-PER</subfield>
    <subfield code="m">BR1</subfield>
    <subfield code="r">Y</subfield>
    <subfield code="s">Y</subfield>
    <subfield code="t">PERIODICAL</subfield>
    <subfield code="u">8/9/2006</subfield>
    <subfield code="x">DEPOSIT</subfield>
  </datafield>
</record>