
<record xmlns="http://www.loc.gov/MARC21/slim">
  <leader>01167cam a2200205   4500</leader>
  <controlfield tag="008">060908s2003    fr            000 0 fra u</controlfield>
  <datafield tag="020" ind1=" " ind2=" ">
    <subfield code="a">2200262868</subfield>
  </datafield>
  <datafield tag="035" ind1=" " ind2=" ">
    <subfield code="a">(Sirsi) a779162</subfield>
  </datafield>
  <datafield tag="100" ind1=" " ind2=" ">
    <subfield code="a"></subfield>
  </datafield>
  <datafield tag="245" ind1="0" ind2="4">
    <subfield code="a">Les historiens /</subfield>
    <subfield code="c">par Stéphane Audoin-Rouzeau ... [et al.] ; ouvrage coordonné par Véronique Sales</subfield>
  </datafield>
  <datafield tag="260" ind1=" " ind2=" ">
    <subfield code="a">Paris :</subfield>
    <subfield code="b">A. Colin, </subfield>
    <subfield code="c">c2003</subfield>
  </datafield>
  <datafield tag="300" ind1=" " ind2=" ">
    <subfield code="a">349 p.</subfield>
  </datafield>
  <datafield tag="504" ind1=" " ind2=" ">
    <subfield code="a">Comprend des réf. bibliogr.</subfield>
  </datafield>
  <datafield tag="520" ind1=" " ind2=" ">
    <subfield code="a">De Jules Michelet à Peter Brown en passant par Karl Marx, Lucien Febvre, Norbert Elias et Paul Veyne, le portrait de 19 historiens majeurs des deux derniers siècles. L&apos;accent est mis sur leur oeuvre et leur conception de l&apos;histoire : comment s&apos;incarnent-elles dans leur époque et qu&apos;en reste-t-il aujourd&apos;hui? Les historiens français (13 sur 19) et contemporains (16 sur 19 ont mené leur carrière au cours du 20e siècle) se taillent la part du lion.</subfield>
  </datafield>
  <datafield tag="650" ind1=" " ind2="6">
    <subfield code="a">Historiens</subfield>
  </datafield>
  <datafield tag="650" ind1=" " ind2="6">
    <subfield code="a">Historiographie</subfield>
  </datafield>
  <datafield tag="700" ind1="1" ind2=" ">
    <subfield code="a">Sales, Véronique</subfield>
  </datafield>
  <datafield tag="700" ind1="1" ind2=" ">
    <subfield code="a">Audoin-Rouzeau, Stéphane</subfield>
  </datafield>
  <datafield tag="596" ind1=" " ind2=" ">
    <subfield code="a">5</subfield>
  </datafield>
  <datafield tag="999" ind1=" " ind2=" ">
    <subfield code="a">907.2022 H</subfield>
    <subfield code="w">DEWEY</subfield>
    <subfield code="c">1</subfield>
    <subfield code="i">31234003641378</subfield>
    <subfield code="d">11/4/2007</subfield>
    <subfield code="e">11/9/2006</subfield>
    <subfield code="l">HRST-PRET</subfield>
    <subfield code="m">BM1</subfield>
    <subfield code="n">1</subfield>
    <subfield code="p">$52.95</subfield>
    <subfield code="r">Y</subfield>
    <subfield code="s">Y</subfield>
    <subfield code="t">BOOKS</subfield>
    <subfield code="u">8/9/2006</subfield>
    <subfield code="o">.STAFF. Somabec / DG / 2006</subfield>
  </datafield>
</record>