
<record xmlns="http://www.loc.gov/MARC21/slim">
  <leader>01574cam a22002894a 4500</leader>
  <controlfield tag="001">1270580</controlfield>
  <controlfield tag="005">20060417151808.0</controlfield>
  <controlfield tag="008">050908s2006    mouac    b    001 0 eng  </controlfield>
  <datafield tag="020" ind1=" " ind2=" ">
    <subfield code="a">9780323040358</subfield>
  </datafield>
  <datafield tag="020" ind1=" " ind2=" ">
    <subfield code="a">0323040357</subfield>
  </datafield>
  <datafield tag="035" ind1=" " ind2=" ">
    <subfield code="a">(Sirsi) a779166</subfield>
  </datafield>
  <datafield tag="040" ind1=" " ind2=" ">
    <subfield code="a">UKM</subfield>
    <subfield code="c">UKM</subfield>
    <subfield code="d">VAM</subfield>
    <subfield code="d">CaOSULN</subfield>
  </datafield>
  <datafield tag="041" ind1="0" ind2="9">
    <subfield code="a">eng</subfield>
  </datafield>
  <datafield tag="060" ind1="1" ind2="0">
    <subfield code="a">QZ 50 M435 2006</subfield>
  </datafield>
  <datafield tag="090" ind1=" " ind2=" ">
    <subfield code="a">RB155</subfield>
    <subfield code="b">.J67 2005</subfield>
  </datafield>
  <datafield tag="245" ind1="0" ind2="0">
    <subfield code="a">Medical genetics /</subfield>
    <subfield code="c">Lynn B. Jorde ... [et al.].</subfield>
  </datafield>
  <datafield tag="250" ind1=" " ind2=" ">
    <subfield code="a">3rd ed., updated ed.</subfield>
  </datafield>
  <datafield tag="260" ind1=" " ind2=" ">
    <subfield code="a">St. Louis, Mo. :</subfield>
    <subfield code="b">Mosby,</subfield>
    <subfield code="c">c2006.</subfield>
  </datafield>
  <datafield tag="300" ind1=" " ind2=" ">
    <subfield code="a">xii, 363 p. :</subfield>
    <subfield code="b">ill., port.</subfield>
  </datafield>
  <datafield tag="504" ind1=" " ind2=" ">
    <subfield code="a">Includes bibliographical references and index.</subfield>
  </datafield>
  <datafield tag="505" ind1="0" ind2=" ">
    <subfield code="a">Background and history -- Basic cell biology: structure and function of genes and chromosomes -- Genetic variation: its origin and detection -- Autosomal dominant and recessive inheritance - Sex-linked and mitochondrial inheritance -- Clinical cytogenetics: the chromosomal basis of human disease -- Biochemical genetics: disorders of metabolism -- Gene mapping and cloning -- Immunogenetics -- Developmental genetics -- Cancer genetics -- Multifactorial inheritance and common diseases -- Genetic testing and gene therapy -- Clinical genetics and genetic counseling.</subfield>
  </datafield>
  <datafield tag="650" ind1="1" ind2="2">
    <subfield code="a">Genetic Diseases, Inborn</subfield>
    <subfield code="x">genetics</subfield>
  </datafield>
  <datafield tag="650" ind1="1" ind2="2">
    <subfield code="a">Genetics, Medical</subfield>
  </datafield>
  <datafield tag="700" ind1="1" ind2=" ">
    <subfield code="a">Jorde, Lynn B.</subfield>
  </datafield>
  <datafield tag="596" ind1=" " ind2=" ">
    <subfield code="a">12</subfield>
  </datafield>
  <datafield tag="999" ind1=" " ind2=" ">
    <subfield code="a">QZ 50 M435 2006 HIRCW</subfield>
    <subfield code="w">NLM</subfield>
    <subfield code="c">1</subfield>
    <subfield code="i">30017000042299</subfield>
    <subfield code="d">10/15/2007</subfield>
    <subfield code="e">9/27/2007</subfield>
    <subfield code="l">HIRCW-CIRC</subfield>
    <subfield code="m">SL1</subfield>
    <subfield code="n">3</subfield>
    <subfield code="r">Y</subfield>
    <subfield code="s">Y</subfield>
    <subfield code="t">BOOKS</subfield>
    <subfield code="u">8/9/2006</subfield>
  </datafield>
  <datafield tag="999" ind1=" " ind2=" ">
    <subfield code="a">QZ 50 M435 2006 HIRCW</subfield>
    <subfield code="w">NLM</subfield>
    <subfield code="c">2</subfield>
    <subfield code="i">30017000042307</subfield>
    <subfield code="d">10/11/2007</subfield>
    <subfield code="e">9/27/2007</subfield>
    <subfield code="l">HIRCW-CIRC</subfield>
    <subfield code="m">SL1</subfield>
    <subfield code="n">1</subfield>
    <subfield code="r">Y</subfield>
    <subfield code="s">Y</subfield>
    <subfield code="t">BOOKS</subfield>
    <subfield code="u">8/9/2006</subfield>
  </datafield>
</record>