
<record xmlns="http://www.loc.gov/MARC21/slim">
  <leader>00970cam a2200241 a 4500</leader>
  <controlfield tag="001">2655637</controlfield>
  <controlfield tag="005">20020829142612.0</controlfield>
  <controlfield tag="008">020617s2006    caua          001 0 eng  </controlfield>
  <datafield tag="020" ind1=" " ind2=" ">
    <subfield code="a">0805371605</subfield>
  </datafield>
  <datafield tag="020" ind1=" " ind2=" ">
    <subfield code="a">0805368191 (CDROM)</subfield>
  </datafield>
  <datafield tag="035" ind1=" " ind2=" ">
    <subfield code="a">(Sirsi) a779171</subfield>
  </datafield>
  <datafield tag="040" ind1=" " ind2=" ">
    <subfield code="a">DLC</subfield>
    <subfield code="c">DLC</subfield>
    <subfield code="d">DLC</subfield>
    <subfield code="d">AENABC</subfield>
    <subfield code="d">CaOSULN</subfield>
  </datafield>
  <datafield tag="050" ind1="0" ind2="0">
    <subfield code="a">QH308.2</subfield>
    <subfield code="b">.B56448 2006</subfield>
  </datafield>
  <datafield tag="245" ind1="0" ind2="0">
    <subfield code="a">Biology :</subfield>
    <subfield code="b">concepts &amp; connections /</subfield>
    <subfield code="c">Neil A. Campbell ... [et al.].</subfield>
  </datafield>
  <datafield tag="250" ind1=" " ind2=" ">
    <subfield code="a">5th ed.</subfield>
  </datafield>
  <datafield tag="260" ind1=" " ind2=" ">
    <subfield code="a">San Francisco :</subfield>
    <subfield code="b">Benjamin Cummings,</subfield>
    <subfield code="c">c2006.</subfield>
  </datafield>
  <datafield tag="300" ind1=" " ind2=" ">
    <subfield code="a">viii, 783 p. :</subfield>
    <subfield code="b">col. ill. ;</subfield>
    <subfield code="c">29 cm. +</subfield>
    <subfield code="e">1 CD-ROM (4 3/4 in.)</subfield>
  </datafield>
  <datafield tag="538" ind1=" " ind2=" ">
    <subfield code="a">System requirements for accompanying CD-ROM: IBM-compatible PC; Macintosh and Windows; version 1.0.</subfield>
  </datafield>
  <datafield tag="596" ind1=" " ind2=" ">
    <subfield code="a">12</subfield>
  </datafield>
  <datafield tag="650" ind1=" " ind2="0">
    <subfield code="a">Biology.</subfield>
  </datafield>
  <datafield tag="700" ind1="1" ind2=" ">
    <subfield code="a">Campbell, Neil A.,</subfield>
    <subfield code="d">1946-</subfield>
  </datafield>
  <datafield tag="999" ind1=" " ind2=" ">
    <subfield code="a">QH 308.2 B565 2006 HIRCW</subfield>
    <subfield code="w">NLM</subfield>
    <subfield code="c">1</subfield>
    <subfield code="i">30017000043859</subfield>
    <subfield code="l">HIRCW-CIRC</subfield>
    <subfield code="m">SL1</subfield>
    <subfield code="r">Y</subfield>
    <subfield code="s">Y</subfield>
    <subfield code="t">BOOKS</subfield>
    <subfield code="u">8/9/2006</subfield>
  </datafield>
  <datafield tag="999" ind1=" " ind2=" ">
    <subfield code="a">QH 308.2 B565 2006 HIRCW</subfield>
    <subfield code="w">NLM</subfield>
    <subfield code="c">2</subfield>
    <subfield code="i">30017000043867</subfield>
    <subfield code="l">HIRCW-CIRC</subfield>
    <subfield code="m">SL1</subfield>
    <subfield code="r">Y</subfield>
    <subfield code="s">Y</subfield>
    <subfield code="t">AUD_VISUAL</subfield>
    <subfield code="u">8/9/2006</subfield>
  </datafield>
</record>