
<record xmlns="http://www.loc.gov/MARC21/slim">
  <leader>01301cam a2200217   4500</leader>
  <controlfield tag="008">060908s2002    quc           000 0 fra u</controlfield>
  <datafield tag="020" ind1=" " ind2=" ">
    <subfield code="a">2890058182</subfield>
  </datafield>
  <datafield tag="035" ind1=" " ind2=" ">
    <subfield code="a">(Sirsi) a779172</subfield>
  </datafield>
  <datafield tag="100" ind1="1" ind2=" ">
    <subfield code="a">Beauchemin, Jacques, </subfield>
    <subfield code="d">1955-</subfield>
  </datafield>
  <datafield tag="245" ind1="1" ind2="2">
    <subfield code="a">L&apos;histoire en trop : </subfield>
    <subfield code="b">la mauvaise conscience des souverainistes québécois /</subfield>
    <subfield code="c">par Jacques Beauchemin</subfield>
  </datafield>
  <datafield tag="260" ind1=" " ind2=" ">
    <subfield code="a">Montréal :</subfield>
    <subfield code="b">VLB, </subfield>
    <subfield code="c">2002</subfield>
  </datafield>
  <datafield tag="300" ind1=" " ind2=" ">
    <subfield code="a">210 p.</subfield>
  </datafield>
  <datafield tag="440" ind1=" " ind2="0">
    <subfield code="a">Études québécoises</subfield>
  </datafield>
  <datafield tag="504" ind1=" " ind2=" ">
    <subfield code="a">Comprend des réf. bibliogr.: p. [203]-208.</subfield>
  </datafield>
  <datafield tag="520" ind1=" " ind2=" ">
    <subfield code="a">&quot;Le pluralisme de la société québécoise contemporaine présente un véritable défi pour le nationalisme québécois. Comment en effet célébrer l&apos;ouverture aux autres, reconnaître l&apos;apport des immigrants, sans renier le sentiment d&apos;appartenance, la dimension communautaire que l&apos;Histoire a laissés en héritage aux Franco-Québécois?&quot; (cf. quatrième de couverture). Richard Morin</subfield>
  </datafield>
  <datafield tag="650" ind1=" " ind2="6">
    <subfield code="a">Nationalisme </subfield>
    <subfield code="z">Québec (Province)</subfield>
  </datafield>
  <datafield tag="650" ind1=" " ind2="6">
    <subfield code="a">Immigrants </subfield>
    <subfield code="x">Intégration </subfield>
    <subfield code="z">Québec (Province)</subfield>
  </datafield>
  <datafield tag="650" ind1=" " ind2="6">
    <subfield code="a">Identité collective </subfield>
    <subfield code="z">Québec (Province)</subfield>
  </datafield>
  <datafield tag="651" ind1=" " ind2="6">
    <subfield code="a">Québec (Province) </subfield>
    <subfield code="x">Histoire </subfield>
    <subfield code="x">Autonomie et mouvements indépendantistes</subfield>
  </datafield>
  <datafield tag="596" ind1=" " ind2=" ">
    <subfield code="a">5</subfield>
  </datafield>
  <datafield tag="999" ind1=" " ind2=" ">
    <subfield code="a">971.404 B</subfield>
    <subfield code="w">DEWEY</subfield>
    <subfield code="c">1</subfield>
    <subfield code="i">31234003641386</subfield>
    <subfield code="d">7/12/2006</subfield>
    <subfield code="e">11/9/2006</subfield>
    <subfield code="l">HRST-PRET</subfield>
    <subfield code="m">BM1</subfield>
    <subfield code="n">1</subfield>
    <subfield code="p">$24.95</subfield>
    <subfield code="r">Y</subfield>
    <subfield code="s">Y</subfield>
    <subfield code="t">BOOKS</subfield>
    <subfield code="u">8/9/2006</subfield>
    <subfield code="o">.STAFF. ADP / DG / 2006</subfield>
  </datafield>
</record>