
<record xmlns="http://www.loc.gov/MARC21/slim">
  <leader>01235cam a2200217   4500</leader>
  <controlfield tag="008">060908s2002    fr a          001 0 fra u</controlfield>
  <datafield tag="020" ind1=" " ind2=" ">
    <subfield code="a">2080830228</subfield>
  </datafield>
  <datafield tag="035" ind1=" " ind2=" ">
    <subfield code="a">(Sirsi) a779178</subfield>
  </datafield>
  <datafield tag="100" ind1="1" ind2=" ">
    <subfield code="a">Caire-Jabinet, Marie-Paule</subfield>
  </datafield>
  <datafield tag="245" ind1="1" ind2="2">
    <subfield code="a">L&apos;histoire en France du moyen-âge à nos jours : </subfield>
    <subfield code="b">introduction à l&apos;historiographie /</subfield>
    <subfield code="c">par Marie-Paule Caire-Jabinet</subfield>
  </datafield>
  <datafield tag="260" ind1=" " ind2=" ">
    <subfield code="a">Paris :</subfield>
    <subfield code="b">Flammarion, </subfield>
    <subfield code="c">2002</subfield>
  </datafield>
  <datafield tag="300" ind1=" " ind2=" ">
    <subfield code="a">x, 281 p. : </subfield>
    <subfield code="b">ill.</subfield>
  </datafield>
  <datafield tag="490" ind1="1" ind2=" ">
    <subfield code="a">Champs université ; </subfield>
    <subfield code="v">3022. </subfield>
    <subfield code="a">Histoire</subfield>
  </datafield>
  <datafield tag="504" ind1=" " ind2=" ">
    <subfield code="a">Bibliogr.: p. [259]-266. Index.</subfield>
  </datafield>
  <datafield tag="504" ind1=" " ind2=" ">
    <subfield code="a">Webographie: p. 266</subfield>
  </datafield>
  <datafield tag="520" ind1=" " ind2=" ">
    <subfield code="a">L&apos;évolution des méthodes et des conceptions des historiens en France. En six temps : le Moyen Âge, la Renaissance, le siècle des Lumières, le mouvement des Annales d&apos;histoire économique et sociale, l&apos;époque actuelle. Complété par de petits développements thématiques sur l&apos;enseignement, les branches de l&apos;histoire de quelques sujets particuliers. Denis Beauchemin</subfield>
  </datafield>
  <datafield tag="650" ind1=" " ind2="6">
    <subfield code="a">Historiographie </subfield>
    <subfield code="z">France </subfield>
    <subfield code="x">Histoire</subfield>
  </datafield>
  <datafield tag="650" ind1=" " ind2="6">
    <subfield code="a">HIstoire </subfield>
    <subfield code="x">Méthodologie</subfield>
  </datafield>
  <datafield tag="651" ind1=" " ind2="6">
    <subfield code="a">France </subfield>
    <subfield code="x">Historiographie</subfield>
  </datafield>
  <datafield tag="596" ind1=" " ind2=" ">
    <subfield code="a">5</subfield>
  </datafield>
  <datafield tag="999" ind1=" " ind2=" ">
    <subfield code="a">907.2044 C</subfield>
    <subfield code="w">DEWEY</subfield>
    <subfield code="c">1</subfield>
    <subfield code="i">31234003641394</subfield>
    <subfield code="d">11/4/2007</subfield>
    <subfield code="e">11/9/2006</subfield>
    <subfield code="l">HRST-PRET</subfield>
    <subfield code="m">BM1</subfield>
    <subfield code="n">1</subfield>
    <subfield code="p">$17.95</subfield>
    <subfield code="r">Y</subfield>
    <subfield code="s">Y</subfield>
    <subfield code="t">BOOKS</subfield>
    <subfield code="u">8/9/2006</subfield>
    <subfield code="o">.STAFF. Socadis / DG / 2006</subfield>
  </datafield>
</record>