
<record xmlns="http://www.loc.gov/MARC21/slim">
  <leader>01840cam a2200217   4500</leader>
  <controlfield tag="008">060908s2006    quca          000 0 fra u</controlfield>
  <datafield tag="020" ind1=" " ind2=" ">
    <subfield code="a">289448450X</subfield>
  </datafield>
  <datafield tag="035" ind1=" " ind2=" ">
    <subfield code="a">(Sirsi) a779191</subfield>
  </datafield>
  <datafield tag="100" ind1=" " ind2=" ">
    <subfield code="a"></subfield>
  </datafield>
  <datafield tag="245" ind1="0" ind2="0">
    <subfield code="a">Monuments intellectuels québécois du XXe siècle : </subfield>
    <subfield code="b">grands livres d&apos;érudition, de science et de sagesse /</subfield>
    <subfield code="c">sous la direction de Claude Corbo</subfield>
  </datafield>
  <datafield tag="260" ind1=" " ind2=" ">
    <subfield code="a">Sillery, Québec :</subfield>
    <subfield code="b">Éditions du Septentrion, </subfield>
    <subfield code="c">2006</subfield>
  </datafield>
  <datafield tag="300" ind1=" " ind2=" ">
    <subfield code="a">290 p. : </subfield>
    <subfield code="b">ill.</subfield>
  </datafield>
  <datafield tag="504" ind1=" " ind2=" ">
    <subfield code="a">Réf. bibliogr.</subfield>
  </datafield>
  <datafield tag="520" ind1=" " ind2=" ">
    <subfield code="a">Au total, 26 ouvrages ont été retenus, de L&apos;âme américaine (1900) d&apos;Edmond de Nevers aux Sources of the self (1989) de Charles Taylor. Laissant de côté le domaine littéraire, la sélection privilégie: 1. &quot;les livres qui révèlent (...) les caractéristiques les plus significatives de la nation québécoise&quot;; 2. les &quot;livres par lesquels le Québec a (...) enrichi le patrimoine intellectuel commun de l&apos;humanité&quot; (p. 7). On y retrouve aussi bien La flore laurentienne (1935) du frère Marie-Victorin que The stress of life (1956) de Han Selye, l&apos;Histoire de la province du Québec (1940) de Jean Rumilly que l&apos;Introduction à la sociologie générale (1968) de Guy Rocher. Chaque ouvrage fait l&apos;objet d&apos;une présentation élaborée d&apos;une dizaine de pages rédigée par un spécialiste et complétée par une bibliographie. André Roux</subfield>
  </datafield>
  <datafield tag="650" ind1=" " ind2="6">
    <subfield code="a">Savoir et érudition </subfield>
    <subfield code="z">Québec (Province) </subfield>
    <subfield code="v">Recensions de livres</subfield>
  </datafield>
  <datafield tag="650" ind1=" " ind2="6">
    <subfield code="a">Connaissance, Théorie de la </subfield>
    <subfield code="v">Recensions de livres</subfield>
  </datafield>
  <datafield tag="651" ind1=" " ind2="6">
    <subfield code="a">Québec (Province) </subfield>
    <subfield code="x">Vie intellectuelle </subfield>
    <subfield code="y">20e siècle </subfield>
    <subfield code="v">Recensions de livres</subfield>
  </datafield>
  <datafield tag="651" ind1=" " ind2="6">
    <subfield code="a">Québec (Province) </subfield>
    <subfield code="v">Imprimés </subfield>
    <subfield code="v">Recensions de livres</subfield>
  </datafield>
  <datafield tag="700" ind1="1" ind2=" ">
    <subfield code="a">Corbo, Claude, </subfield>
    <subfield code="d">1939-</subfield>
  </datafield>
  <datafield tag="596" ind1=" " ind2=" ">
    <subfield code="a">5</subfield>
  </datafield>
  <datafield tag="999" ind1=" " ind2=" ">
    <subfield code="a">015.714073 M</subfield>
    <subfield code="w">DEWEY</subfield>
    <subfield code="c">1</subfield>
    <subfield code="i">31234003641428</subfield>
    <subfield code="d">7/12/2006</subfield>
    <subfield code="e">11/9/2006</subfield>
    <subfield code="l">HRST-PRET</subfield>
    <subfield code="m">BM1</subfield>
    <subfield code="n">1</subfield>
    <subfield code="p">$49.95</subfield>
    <subfield code="r">Y</subfield>
    <subfield code="s">Y</subfield>
    <subfield code="t">BOOKS</subfield>
    <subfield code="u">8/9/2006</subfield>
    <subfield code="o">.STAFF. Dimédia / DG / 2006</subfield>
  </datafield>
</record>