
<record xmlns="http://www.loc.gov/MARC21/slim">
  <leader>01105cam a2200289 a 4500</leader>
  <controlfield tag="001">1242987</controlfield>
  <controlfield tag="005">20050627110322.0</controlfield>
  <controlfield tag="006">m        m        </controlfield>
  <controlfield tag="008">050225s2005    moua     b    001 0 eng  </controlfield>
  <datafield tag="020" ind1=" " ind2=" ">
    <subfield code="a">0323025919 (pbk.)</subfield>
  </datafield>
  <datafield tag="035" ind1=" " ind2=" ">
    <subfield code="a">(Sirsi) a779200</subfield>
  </datafield>
  <datafield tag="041" ind1="0" ind2="9">
    <subfield code="a">eng</subfield>
  </datafield>
  <datafield tag="044" ind1=" " ind2=" ">
    <subfield code="9">United States</subfield>
  </datafield>
  <datafield tag="049" ind1=" " ind2=" ">
    <subfield code="a">NLMM</subfield>
  </datafield>
  <datafield tag="060" ind1="1" ind2="0">
    <subfield code="a">WY 100</subfield>
    <subfield code="b">D546e 2005</subfield>
  </datafield>
  <datafield tag="100" ind1="1" ind2=" ">
    <subfield code="a">DiCenso, Alba,</subfield>
    <subfield code="d">1952-</subfield>
  </datafield>
  <datafield tag="245" ind1="1" ind2="0">
    <subfield code="a">Evidence-based nursing :</subfield>
    <subfield code="b">a guide to clinical practice /</subfield>
    <subfield code="c">Alba DiCenso, Gordon Guyatt, Donna Ciliska.</subfield>
  </datafield>
  <datafield tag="260" ind1=" " ind2=" ">
    <subfield code="a">St. Louis, MO :</subfield>
    <subfield code="b">Elsevier Mosby,</subfield>
    <subfield code="c">c2005.</subfield>
  </datafield>
  <datafield tag="300" ind1=" " ind2=" ">
    <subfield code="a">xxxiv, 600 p. :</subfield>
    <subfield code="b">ill. ;</subfield>
    <subfield code="c">23 cm. +</subfield>
    <subfield code="e">1 CD-ROM (3 1/2 in.)</subfield>
  </datafield>
  <datafield tag="504" ind1=" " ind2=" ">
    <subfield code="a">Includes bibliographical references and index.</subfield>
  </datafield>
  <datafield tag="650" ind1="1" ind2="2">
    <subfield code="a">Nursing Care</subfield>
  </datafield>
  <datafield tag="650" ind1="2" ind2="2">
    <subfield code="a">Evidence-Based Medicine</subfield>
  </datafield>
  <datafield tag="700" ind1="1" ind2=" ">
    <subfield code="a">Guyatt, Gordon.</subfield>
  </datafield>
  <datafield tag="700" ind1="1" ind2=" ">
    <subfield code="a">Ciliska, Donna.</subfield>
  </datafield>
  <datafield tag="596" ind1=" " ind2=" ">
    <subfield code="a">27</subfield>
  </datafield>
  <datafield tag="999" ind1=" " ind2=" ">
    <subfield code="a">WY 100 D546 2005</subfield>
    <subfield code="w">NLM</subfield>
    <subfield code="c">1</subfield>
    <subfield code="i">30007007380370</subfield>
    <subfield code="d">6/9/2007</subfield>
    <subfield code="e">6/9/2007</subfield>
    <subfield code="k">CHECKEDOUT</subfield>
    <subfield code="l">SL1L-CIR</subfield>
    <subfield code="m">SL1</subfield>
    <subfield code="n">4</subfield>
    <subfield code="r">M</subfield>
    <subfield code="s">Y</subfield>
    <subfield code="t">BOOKS</subfield>
    <subfield code="u">8/9/2006</subfield>
  </datafield>
  <datafield tag="999" ind1=" " ind2=" ">
    <subfield code="a">WY 100 D546 2005</subfield>
    <subfield code="w">NLM</subfield>
    <subfield code="c">2</subfield>
    <subfield code="i">30007007385114</subfield>
    <subfield code="d">10/16/2007</subfield>
    <subfield code="e">10/16/2007</subfield>
    <subfield code="k">CHECKEDOUT</subfield>
    <subfield code="l">SL1L-CIR</subfield>
    <subfield code="m">SL1</subfield>
    <subfield code="n">1</subfield>
    <subfield code="r">M</subfield>
    <subfield code="s">Y</subfield>
    <subfield code="t">BOOKS</subfield>
    <subfield code="u">10/16/2007</subfield>
  </datafield>
</record>