
<record xmlns="http://www.loc.gov/MARC21/slim">
  <leader>00373cam a2200097   4500</leader>
  <controlfield tag="008">060908n                      000 0 eng u</controlfield>
  <datafield tag="035" ind1=" " ind2=" ">
    <subfield code="a">(Sirsi) a779203</subfield>
  </datafield>
  <datafield tag="100" ind1="1" ind2=" ">
    <subfield code="a">Berg, Bruce L.</subfield>
  </datafield>
  <datafield tag="245" ind1=" " ind2=" ">
    <subfield code="a">Qualitative research methods for the social sciences -- 5th ed</subfield>
  </datafield>
  <datafield tag="596" ind1=" " ind2=" ">
    <subfield code="a">6</subfield>
  </datafield>
  <datafield tag="999" ind1=" " ind2=" ">
    <subfield code="a">CESD 1</subfield>
    <subfield code="w">AUTO</subfield>
    <subfield code="c">1</subfield>
    <subfield code="i">31520000987586</subfield>
    <subfield code="d">12/14/2006</subfield>
    <subfield code="e">12/14/2006</subfield>
    <subfield code="l">RESERVES</subfield>
    <subfield code="m">BR4</subfield>
    <subfield code="n">25</subfield>
    <subfield code="r">Y</subfield>
    <subfield code="s">N</subfield>
    <subfield code="t">BOOKS</subfield>
    <subfield code="u">8/9/2006</subfield>
    <subfield code="o">.CIRCNOTE. (25)</subfield>
  </datafield>
</record>