
<record xmlns="http://www.loc.gov/MARC21/slim">
  <leader>00487cam a2200109   4500</leader>
  <controlfield tag="008">060909n                      000 0 eng u</controlfield>
  <datafield tag="035" ind1=" " ind2=" ">
    <subfield code="a">(Sirsi) a779206</subfield>
  </datafield>
  <datafield tag="100" ind1="1" ind2=" ">
    <subfield code="a">Myers, David G.</subfield>
  </datafield>
  <datafield tag="245" ind1=" " ind2=" ">
    <subfield code="a">Psychology -- 8th ed.</subfield>
  </datafield>
  <datafield tag="596" ind1=" " ind2=" ">
    <subfield code="a">6</subfield>
  </datafield>
  <datafield tag="999" ind1=" " ind2=" ">
    <subfield code="a">PSYC 1 (2 copies)</subfield>
    <subfield code="w">AUTO</subfield>
    <subfield code="c">1</subfield>
    <subfield code="i">31520000987628</subfield>
    <subfield code="d">10/16/2007</subfield>
    <subfield code="e">10/16/2007</subfield>
    <subfield code="l">RESERVES</subfield>
    <subfield code="m">BR4</subfield>
    <subfield code="n">97</subfield>
    <subfield code="r">Y</subfield>
    <subfield code="s">N</subfield>
    <subfield code="t">BOOKS</subfield>
    <subfield code="u">9/9/2006</subfield>
    <subfield code="o">.CIRCNOTE. (76)</subfield>
  </datafield>
  <datafield tag="999" ind1=" " ind2=" ">
    <subfield code="a">PSYC 1 (2 copies)</subfield>
    <subfield code="w">AUTO</subfield>
    <subfield code="c">2</subfield>
    <subfield code="i">31520000991356</subfield>
    <subfield code="d">10/15/2007</subfield>
    <subfield code="e">10/15/2007</subfield>
    <subfield code="l">RESERVES</subfield>
    <subfield code="m">BR4</subfield>
    <subfield code="n">7</subfield>
    <subfield code="r">Y</subfield>
    <subfield code="s">N</subfield>
    <subfield code="t">BOOKS</subfield>
    <subfield code="u">6/9/2007</subfield>
    <subfield code="o">.CIRCNOTE. (0)</subfield>
  </datafield>
</record>