
<record xmlns="http://www.loc.gov/MARC21/slim">
  <leader>00335cam a2200097   4500</leader>
  <controlfield tag="008">060909n                      000 0 eng u</controlfield>
  <datafield tag="035" ind1=" " ind2=" ">
    <subfield code="a">(Sirsi) a779210</subfield>
  </datafield>
  <datafield tag="100" ind1="1" ind2=" ">
    <subfield code="a">Solomon, Michael R.</subfield>
  </datafield>
  <datafield tag="245" ind1=" " ind2=" ">
    <subfield code="a">Marketing : real people, real decisions -- updated 1st Canadian ed</subfield>
  </datafield>
  <datafield tag="596" ind1=" " ind2=" ">
    <subfield code="a">6</subfield>
  </datafield>
  <datafield tag="999" ind1=" " ind2=" ">
    <subfield code="a">ADMN</subfield>
    <subfield code="w">AUTO</subfield>
    <subfield code="c">1</subfield>
    <subfield code="i">31520000987644</subfield>
    <subfield code="l">RESERVES</subfield>
    <subfield code="m">BR4</subfield>
    <subfield code="r">Y</subfield>
    <subfield code="s">N</subfield>
    <subfield code="t">BOOKS</subfield>
    <subfield code="u">9/9/2006</subfield>
  </datafield>
</record>