
<record xmlns="http://www.loc.gov/MARC21/slim">
  <leader>02850cam a2200577   4500</leader>
  <controlfield tag="008">060911p20022001enk394        000 v eng u</controlfield>
  <controlfield tag="007">vd cgaizs</controlfield>
  <datafield tag="020" ind1=" " ind2=" ">
    <subfield code="a">0790766035 (pt. 1)</subfield>
  </datafield>
  <datafield tag="020" ind1=" " ind2=" ">
    <subfield code="a">0790766051 (pt. 2)</subfield>
  </datafield>
  <datafield tag="020" ind1=" " ind2=" ">
    <subfield code="a">0790767848 (pt. 3)</subfield>
  </datafield>
  <datafield tag="020" ind1=" " ind2=" ">
    <subfield code="a">0790767864 (pt. 4)</subfield>
  </datafield>
  <datafield tag="024" ind1=" " ind2=" ">
    <subfield code="a">794051165220</subfield>
  </datafield>
  <datafield tag="028" ind1="4" ind2="3">
    <subfield code="a">E1615</subfield>
    <subfield code="b">Warner Home Video</subfield>
  </datafield>
  <datafield tag="028" ind1="4" ind2="3">
    <subfield code="a">E1615</subfield>
    <subfield code="b">Warner Home Video</subfield>
  </datafield>
  <datafield tag="028" ind1="4" ind2="3">
    <subfield code="a">E1646</subfield>
    <subfield code="b">Warner Home Video</subfield>
  </datafield>
  <datafield tag="028" ind1="4" ind2="3">
    <subfield code="a">E1647</subfield>
    <subfield code="b">Warner Home Video</subfield>
  </datafield>
  <datafield tag="035" ind1=" " ind2=" ">
    <subfield code="a">(Sirsi) a779224</subfield>
  </datafield>
  <datafield tag="040" ind1=" " ind2=" ">
    <subfield code="a">YEQ </subfield>
    <subfield code="c"> YEQ </subfield>
    <subfield code="d"> WUN </subfield>
    <subfield code="d"> IBI </subfield>
    <subfield code="d"> OCLCQ </subfield>
    <subfield code="d"> RCS </subfield>
    <subfield code="d"> SYB</subfield>
  </datafield>
  <datafield tag="050" ind1=" " ind2="0">
    <subfield code="a">GC 11.2 </subfield>
    <subfield code="b">.B58 2002 vol. DVD</subfield>
  </datafield>
  <datafield tag="245" ind1="0" ind2="4">
    <subfield code="a">The blue planet </subfield>
    <subfield code="h"> [videorecording] : </subfield>
    <subfield code="b"> seas of life / </subfield>
    <subfield code="c"> a BBC/Discovery Channel co-production ; series producer, Alastair Fothergill.</subfield>
  </datafield>
  <datafield tag="246" ind1="3" ind2="0">
    <subfield code="a">Seas of life</subfield>
  </datafield>
  <datafield tag="250" ind1=" " ind2=" ">
    <subfield code="a">Widescreen.</subfield>
  </datafield>
  <datafield tag="260" ind1=" " ind2=" ">
    <subfield code="a">[London] : </subfield>
    <subfield code="b"> BBC Video ; </subfield>
    <subfield code="a"> Burbank, Calif. : </subfield>
    <subfield code="b"> Distributed in the USA and Canada by Warner Home Video, </subfield>
    <subfield code="c"> c2002.</subfield>
  </datafield>
  <datafield tag="300" ind1=" " ind2=" ">
    <subfield code="a">4 videodiscs (DVD) (394 min.) : </subfield>
    <subfield code="b"> sd., col. ; </subfield>
    <subfield code="c"> 4 3/4 in.</subfield>
  </datafield>
  <datafield tag="490" ind1="1" ind2=" ">
    <subfield code="a">Blue planet</subfield>
  </datafield>
  <datafield tag="500" ind1=" " ind2=" ">
    <subfield code="a">FOR CLASSROOM USE ONLY.</subfield>
  </datafield>
  <datafield tag="500" ind1=" " ind2=" ">
    <subfield code="a">Originally produced as a television mini-series in 2001</subfield>
  </datafield>
  <datafield tag="500" ind1=" " ind2=" ">
    <subfield code="a">Part titles taken from menu screens.</subfield>
  </datafield>
  <datafield tag="500" ind1=" " ind2=" ">
    <subfield code="a">Special features include: behind-the-scenes featurettes; interviews with various production staff; photo gallery; fact files.</subfield>
  </datafield>
  <datafield tag="505" ind1="0" ind2=" ">
    <subfield code="a">[pt. 1]. Ocean world ; Frozen seas -- [pt. 2]. Open ocean ; The deep -- [pt. 3]. Seasonal seas ; Coral seas -- [pt. 4]. Tidal seas ; Coasts.</subfield>
  </datafield>
  <datafield tag="508" ind1=" " ind2=" ">
    <subfield code="a">Original music, George Fenton.</subfield>
  </datafield>
  <datafield tag="511" ind1="0" ind2=" ">
    <subfield code="a">Narrator: Richard Attenborough.</subfield>
  </datafield>
  <datafield tag="520" ind1=" " ind2=" ">
    <subfield code="a">Startling wildlife photography reveals the sea and its communities at their most fearsome and alluring in this landmark BBC mini-series on the ocean, a world we know less about than the moon.</subfield>
  </datafield>
  <datafield tag="538" ind1=" " ind2=" ">
    <subfield code="a">DVD; Dolby Digital 2.0 stereo.</subfield>
  </datafield>
  <datafield tag="546" ind1=" " ind2=" ">
    <subfield code="a">Closed-captioned for the hearing impaired.</subfield>
  </datafield>
  <datafield tag="650" ind1=" " ind2="0">
    <subfield code="a">Ocean.</subfield>
  </datafield>
  <datafield tag="650" ind1=" " ind2="0">
    <subfield code="a">Oceanography</subfield>
    <subfield code="x">Observations.</subfield>
  </datafield>
  <datafield tag="650" ind1=" " ind2="0">
    <subfield code="a">Oceanography</subfield>
    <subfield code="x">Research.</subfield>
  </datafield>
  <datafield tag="700" ind1="1" ind2=" ">
    <subfield code="a">Fothergill, Alastair.</subfield>
  </datafield>
  <datafield tag="700" ind1="1" ind2=" ">
    <subfield code="a">Attenborough, Richard.</subfield>
  </datafield>
  <datafield tag="700" ind1="1" ind2=" ">
    <subfield code="a">Fenton, George.</subfield>
  </datafield>
  <datafield tag="710" ind1="2" ind2=" ">
    <subfield code="a">British Broadcasting Corporation.</subfield>
  </datafield>
  <datafield tag="710" ind1="2" ind2=" ">
    <subfield code="a">Discovery Channel (Firm)</subfield>
  </datafield>
  <datafield tag="710" ind1="2" ind2=" ">
    <subfield code="a">BBC Video (Firm)</subfield>
  </datafield>
  <datafield tag="710" ind1="2" ind2=" ">
    <subfield code="a">Warner Home Video (Firm)</subfield>
  </datafield>
  <datafield tag="830" ind1=" " ind2="0">
    <subfield code="a">Blue planet (Television program)</subfield>
  </datafield>
  <datafield tag="596" ind1=" " ind2=" ">
    <subfield code="a">6</subfield>
  </datafield>
  <datafield tag="999" ind1=" " ind2=" ">
    <subfield code="a">GC 11.2 B58 2002 pt.1 DVD</subfield>
    <subfield code="w">LC</subfield>
    <subfield code="c">1</subfield>
    <subfield code="i">31520001005545</subfield>
    <subfield code="d">3/4/2007</subfield>
    <subfield code="e">2/1/2007</subfield>
    <subfield code="l">ALGO-AV</subfield>
    <subfield code="m">BR4</subfield>
    <subfield code="n">2</subfield>
    <subfield code="r">Y</subfield>
    <subfield code="s">Y</subfield>
    <subfield code="t">DVD</subfield>
    <subfield code="u">11/9/2006</subfield>
  </datafield>
  <datafield tag="999" ind1=" " ind2=" ">
    <subfield code="a">GC 11.2 B58 2002 pt.2 DVD</subfield>
    <subfield code="w">LC</subfield>
    <subfield code="c">1</subfield>
    <subfield code="i">31520001005552</subfield>
    <subfield code="d">5/4/2007</subfield>
    <subfield code="e">2/1/2007</subfield>
    <subfield code="l">ALGO-AV</subfield>
    <subfield code="m">BR4</subfield>
    <subfield code="n">2</subfield>
    <subfield code="r">Y</subfield>
    <subfield code="s">Y</subfield>
    <subfield code="t">DVD</subfield>
    <subfield code="u">9/15/2006</subfield>
  </datafield>
  <datafield tag="999" ind1=" " ind2=" ">
    <subfield code="a">GC 11.2 B58 2002 pt.3 DVD</subfield>
    <subfield code="w">LC</subfield>
    <subfield code="c">1</subfield>
    <subfield code="i">31520001005594</subfield>
    <subfield code="d">3/4/2007</subfield>
    <subfield code="e">2/1/2007</subfield>
    <subfield code="l">ALGO-AV</subfield>
    <subfield code="m">BR4</subfield>
    <subfield code="n">2</subfield>
    <subfield code="r">Y</subfield>
    <subfield code="s">Y</subfield>
    <subfield code="t">DVD</subfield>
    <subfield code="u">9/15/2006</subfield>
  </datafield>
  <datafield tag="999" ind1=" " ind2=" ">
    <subfield code="a">GC 11.2 B58 2002 pt.4 DVD</subfield>
    <subfield code="w">LC</subfield>
    <subfield code="c">1</subfield>
    <subfield code="i">31520001005602</subfield>
    <subfield code="d">3/4/2007</subfield>
    <subfield code="e">2/1/2007</subfield>
    <subfield code="l">ALGO-AV</subfield>
    <subfield code="m">BR4</subfield>
    <subfield code="n">2</subfield>
    <subfield code="r">Y</subfield>
    <subfield code="s">Y</subfield>
    <subfield code="t">DVD</subfield>
    <subfield code="u">9/15/2006</subfield>
  </datafield>
</record>