
<record xmlns="http://www.loc.gov/MARC21/slim">
  <leader>00307cam a2200109   4500</leader>
  <controlfield tag="008">060911n                      000 0 eng u</controlfield>
  <datafield tag="020" ind1=" " ind2=" ">
    <subfield code="a">0230000428</subfield>
  </datafield>
  <datafield tag="035" ind1=" " ind2=" ">
    <subfield code="a">(Sirsi) a779226</subfield>
  </datafield>
  <datafield tag="100" ind1="1" ind2=" ">
    <subfield code="a">Hooghe, Marc.</subfield>
  </datafield>
  <datafield tag="245" ind1="1" ind2="0">
    <subfield code="a">Political participation:</subfield>
    <subfield code="b">citizens and politics in western democracies.</subfield>
  </datafield>
  <datafield tag="260" ind1=" " ind2=" ">
    <subfield code="a">Palgrave,</subfield>
    <subfield code="c">2006.</subfield>
  </datafield>
  <datafield tag="596" ind1=" " ind2=" ">
    <subfield code="a">1</subfield>
  </datafield>
</record>