
<record xmlns="http://www.loc.gov/MARC21/slim">
  <leader>02983cam a2200517   4500</leader>
  <controlfield tag="008">060911s2003    cau           00  0 eng u</controlfield>
  <controlfield tag="007">vd cvaizu</controlfield>
  <datafield tag="020" ind1=" " ind2=" ">
    <subfield code="a">0790779714 (set)</subfield>
  </datafield>
  <datafield tag="020" ind1=" " ind2=" ">
    <subfield code="a">0790779978 (v. 1)</subfield>
  </datafield>
  <datafield tag="020" ind1=" " ind2=" ">
    <subfield code="a">0790779986 (v. 2)</subfield>
  </datafield>
  <datafield tag="020" ind1=" " ind2=" ">
    <subfield code="a">0790779994 (v. 3)</subfield>
  </datafield>
  <datafield tag="020" ind1=" " ind2=" ">
    <subfield code="a">0790780003 (v. 4)</subfield>
  </datafield>
  <datafield tag="035" ind1=" " ind2=" ">
    <subfield code="a">(Sirsi) a779230</subfield>
  </datafield>
  <datafield tag="040" ind1=" " ind2=" ">
    <subfield code="a">TEFMT</subfield>
    <subfield code="c">TEFMT</subfield>
    <subfield code="d">OCLCQ</subfield>
    <subfield code="d">TEF</subfield>
    <subfield code="d">OIP</subfield>
    <subfield code="d">OCLCQ</subfield>
    <subfield code="d">AKP</subfield>
  </datafield>
  <datafield tag="050" ind1=" " ind2="0">
    <subfield code="a">QL 703</subfield>
    <subfield code="b">L53 2003 DVD</subfield>
  </datafield>
  <datafield tag="245" ind1="0" ind2="4">
    <subfield code="a">The life of mammals</subfield>
    <subfield code="h">videorecording /</subfield>
    <subfield code="w">ritten by David Attenborough ;a BBC/Discovery Channel co-production ; series producer, Mike Salisburg.</subfield>
  </datafield>
  <datafield tag="260" ind1=" " ind2=" ">
    <subfield code="a">[S.l.] :</subfield>
    <subfield code="b">BBC Video ;</subfield>
    <subfield code="a">Burbank, CA :</subfield>
    <subfield code="b">Distributed in the USA and Canada by warner Home Video,</subfield>
    <subfield code="c">2003.</subfield>
  </datafield>
  <datafield tag="300" ind1=" " ind2=" ">
    <subfield code="a">4 videodiscs (ca. 500 min.) :</subfield>
    <subfield code="b">sd., col. ;</subfield>
    <subfield code="c">4 3/4 in.</subfield>
  </datafield>
  <datafield tag="500" ind1=" " ind2=" ">
    <subfield code="a">FOR CLASSROOM USE ONLY.</subfield>
  </datafield>
  <datafield tag="500" ind1=" " ind2=" ">
    <subfield code="a">DVD.</subfield>
  </datafield>
  <datafield tag="500" ind1=" " ind2=" ">
    <subfield code="a">Special feature : Include behind-the-scences featurettes, facts files, photo galleries, selections from the original score, and a music video.</subfield>
  </datafield>
  <datafield tag="505" ind1="0" ind2=" ">
    <subfield code="a">A wigging design. -- Insect hunters. -- Plant predators. -- Chisellers. -- Meat earees. -- Opportunists. -- Return to the water. -- Life in the tress. -- Social climbers. -- Food for thought.</subfield>
  </datafield>
  <datafield tag="508" ind1=" " ind2=" ">
    <subfield code="a">Written by David Attenborough  ; music composed by Dan Jones, Bensalisbury ; researchers, Alex Griffiths, Dan Tapster.</subfield>
  </datafield>
  <datafield tag="511" ind1="0" ind2=" ">
    <subfield code="a">Hosted by David Attenborough.</subfield>
  </datafield>
  <datafield tag="520" ind1=" " ind2=" ">
    <subfield code="a">Introduces us to the most diverse group of animals ever to live on this planet. From the smallest to the largest, from the slowest to the fastest, from the least attractive to the most irresistible. Looks at the 4,000 species, inclusing ones that have oulived the dinosaurs and conquered the farthest places on Earth. Examine how their adaptations for fnding food have had an effect on the way they socialize, mate, and live.</subfield>
  </datafield>
  <datafield tag="538" ind1=" " ind2=" ">
    <subfield code="a">DVD, Region 1 encoding.</subfield>
  </datafield>
  <datafield tag="546" ind1=" " ind2=" ">
    <subfield code="a">Close-captioned.</subfield>
  </datafield>
  <datafield tag="650" ind1=" " ind2="0">
    <subfield code="a">Mammals.</subfield>
  </datafield>
  <datafield tag="650" ind1=" " ind2="0">
    <subfield code="a">Mammals</subfield>
    <subfield code="x">Adaptation.</subfield>
  </datafield>
  <datafield tag="650" ind1=" " ind2="0">
    <subfield code="a">Mammals</subfield>
    <subfield code="x">Behavior.</subfield>
  </datafield>
  <datafield tag="650" ind1=" " ind2="0">
    <subfield code="a">Mammals</subfield>
    <subfield code="x">Reproduction.</subfield>
  </datafield>
  <datafield tag="655" ind1=" " ind2="0">
    <subfield code="a">Documentary films.</subfield>
  </datafield>
  <datafield tag="655" ind1=" " ind2="0">
    <subfield code="a">Video recordings for the hearing impaired.</subfield>
  </datafield>
  <datafield tag="700" ind1="1" ind2=" ">
    <subfield code="a">Salisbury, Mike.</subfield>
  </datafield>
  <datafield tag="700" ind1="1" ind2=" ">
    <subfield code="a">Attenborough, David,</subfield>
    <subfield code="d">1926-</subfield>
  </datafield>
  <datafield tag="700" ind1="1" ind2=" ">
    <subfield code="a">Griffiths, Alex.</subfield>
  </datafield>
  <datafield tag="700" ind1="1" ind2=" ">
    <subfield code="a">Tapster, Dan.</subfield>
  </datafield>
  <datafield tag="710" ind1="2" ind2=" ">
    <subfield code="a">British Broadcasting Corporation.</subfield>
  </datafield>
  <datafield tag="710" ind1="2" ind2=" ">
    <subfield code="a">Discovery Channel (Firm)</subfield>
  </datafield>
  <datafield tag="710" ind1="2" ind2=" ">
    <subfield code="a">BBC Video (Firm)</subfield>
  </datafield>
  <datafield tag="710" ind1="2" ind2=" ">
    <subfield code="a">Warner Home Video (Firm)</subfield>
  </datafield>
  <datafield tag="596" ind1=" " ind2=" ">
    <subfield code="a">6</subfield>
  </datafield>
  <datafield tag="999" ind1=" " ind2=" ">
    <subfield code="a">QL 703 L53 2003 vol.1 DVD</subfield>
    <subfield code="w">LC</subfield>
    <subfield code="c">1</subfield>
    <subfield code="i">31520001005644</subfield>
    <subfield code="d">11/9/2007</subfield>
    <subfield code="e">11/9/2007</subfield>
    <subfield code="k">CHECKEDOUT</subfield>
    <subfield code="l">ALGO-AV</subfield>
    <subfield code="m">BR4</subfield>
    <subfield code="n">3</subfield>
    <subfield code="r">M</subfield>
    <subfield code="s">Y</subfield>
    <subfield code="t">DVD</subfield>
    <subfield code="u">11/9/2006</subfield>
  </datafield>
  <datafield tag="999" ind1=" " ind2=" ">
    <subfield code="a">QL 703 L53 2003 vol.2 DVD</subfield>
    <subfield code="w">LC</subfield>
    <subfield code="c">1</subfield>
    <subfield code="i">31520001005651</subfield>
    <subfield code="d">11/9/2007</subfield>
    <subfield code="e">11/9/2007</subfield>
    <subfield code="k">CHECKEDOUT</subfield>
    <subfield code="l">ALGO-AV</subfield>
    <subfield code="m">BR4</subfield>
    <subfield code="n">3</subfield>
    <subfield code="r">M</subfield>
    <subfield code="s">Y</subfield>
    <subfield code="t">DVD</subfield>
    <subfield code="u">9/19/2006</subfield>
  </datafield>
  <datafield tag="999" ind1=" " ind2=" ">
    <subfield code="a">QL 703 L53 2003 vol.3 DVD</subfield>
    <subfield code="w">LC</subfield>
    <subfield code="c">1</subfield>
    <subfield code="i">31520001005693</subfield>
    <subfield code="d">11/9/2007</subfield>
    <subfield code="e">11/9/2007</subfield>
    <subfield code="k">CHECKEDOUT</subfield>
    <subfield code="l">ALGO-AV</subfield>
    <subfield code="m">BR4</subfield>
    <subfield code="n">3</subfield>
    <subfield code="r">M</subfield>
    <subfield code="s">Y</subfield>
    <subfield code="t">DVD</subfield>
    <subfield code="u">9/19/2006</subfield>
  </datafield>
  <datafield tag="999" ind1=" " ind2=" ">
    <subfield code="a">QL 703 L53 2003 vol.4 DVD</subfield>
    <subfield code="w">LC</subfield>
    <subfield code="c">1</subfield>
    <subfield code="i">31520001005701</subfield>
    <subfield code="d">11/9/2007</subfield>
    <subfield code="e">11/9/2007</subfield>
    <subfield code="k">CHECKEDOUT</subfield>
    <subfield code="l">ALGO-AV</subfield>
    <subfield code="m">BR4</subfield>
    <subfield code="n">3</subfield>
    <subfield code="r">M</subfield>
    <subfield code="s">Y</subfield>
    <subfield code="t">DVD</subfield>
    <subfield code="u">9/19/2006</subfield>
  </datafield>
</record>