
<record xmlns="http://www.loc.gov/MARC21/slim">
  <leader>01657nas a22003852a 4500</leader>
  <controlfield tag="001">ebs47984e</controlfield>
  <controlfield tag="003">EBZ</controlfield>
  <controlfield tag="006">m        d  ||||||</controlfield>
  <controlfield tag="007">cr|unu||||||||</controlfield>
  <controlfield tag="008">010220c20019999gw qr p       0    0eng  </controlfield>
  <datafield tag="022" ind1=" " ind2=" ">
    <subfield code=" ">y1615-1615</subfield>
  </datafield>
  <datafield tag="035" ind1=" " ind2=" ">
    <subfield code="a">(Sirsi) a779238</subfield>
  </datafield>
  <datafield tag="035" ind1=" " ind2=" ">
    <subfield code="a">(EBZ)ebs47984e</subfield>
  </datafield>
  <datafield tag="040" ind1=" " ind2=" ">
    <subfield code="a">EBZ</subfield>
  </datafield>
  <datafield tag="042" ind1=" " ind2=" ">
    <subfield code="a">lcd-m</subfield>
  </datafield>
  <datafield tag="060" ind1="0" ind2="0">
    <subfield code="a">W1</subfield>
    <subfield code="b">LA782</subfield>
  </datafield>
  <datafield tag="245" ind1="0" ind2="0">
    <subfield code="a">Medical laser application</subfield>
    <subfield code="h">[electronic resource] :</subfield>
    <subfield code="b">international journal for laser treatment and research.</subfield>
  </datafield>
  <datafield tag="260" ind1=" " ind2=" ">
    <subfield code="a">Jena, Germany :</subfield>
    <subfield code="b">Urban &amp; Fischer,</subfield>
    <subfield code="c">c2001-</subfield>
  </datafield>
  <datafield tag="310" ind1=" " ind2=" ">
    <subfield code="a">Quarterly</subfield>
  </datafield>
  <datafield tag="362" ind1="0" ind2=" ">
    <subfield code="a">Vol. 16, 1 (Mar. 2001)-</subfield>
  </datafield>
  <datafield tag="500" ind1=" " ind2=" ">
    <subfield code="a">Title from cover.</subfield>
  </datafield>
  <datafield tag="500" ind1=" " ind2=" ">
    <subfield code="a">Latest issue consulted: Vol. 16, 2 (June 2001).</subfield>
  </datafield>
  <datafield tag="550" ind1=" " ind2=" ">
    <subfield code="a">Official journal of Deutsche Gesellschaft für Lasermedizin and Schweizerische Arbeitsgemeinschaft für Laserchirurgie.</subfield>
  </datafield>
  <datafield tag="650" ind1="1" ind2="2">
    <subfield code="a">Laser Surgery</subfield>
    <subfield code="v">Periodicals.</subfield>
  </datafield>
  <datafield tag="650" ind1="2" ind2="2">
    <subfield code="a">Lasers</subfield>
    <subfield code="x">diagnostic use</subfield>
    <subfield code="v">Periodicals.</subfield>
  </datafield>
  <datafield tag="650" ind1="2" ind2="2">
    <subfield code="a">Lasers</subfield>
    <subfield code="x">therapeutic use</subfield>
    <subfield code="v">Periodicals.</subfield>
  </datafield>
  <datafield tag="710" ind1="2" ind2=" ">
    <subfield code="a">Deutsche Gesellschaft für Lasermedizin.</subfield>
  </datafield>
  <datafield tag="710" ind1="2" ind2=" ">
    <subfield code="a">Schweizerische Arbeitsgemeinschaft für Laserchirurgie.</subfield>
  </datafield>
  <datafield tag="773" ind1="0" ind2=" ">
    <subfield code="t">ScienceDirect </subfield>
    <subfield code="d">Elsevier Science</subfield>
  </datafield>
  <datafield tag="776" ind1="1" ind2=" ">
    <subfield code="t">Medical laser application</subfield>
    <subfield code="x">1615-1615 </subfield>
    <subfield code="w">ocm478964221</subfield>
    <subfield code="w">  2001243231</subfield>
  </datafield>
  <datafield tag="780" ind1="0" ind2="0">
    <subfield code="t">Lasermedizin</subfield>
    <subfield code="x">0938-765X</subfield>
    <subfield code="w">(DLC)sn 91033612</subfield>
    <subfield code="w">(OCoLC)25007204</subfield>
  </datafield>
  <datafield tag="856" ind1="4" ind2="0">
    <subfield code="z">Available online: 2001 - </subfield>
    <subfield code="u">http://librweb.laurentian.ca/login?url=http://scholarsportal.info/cgi-bin/sciserv.pl?collection=journals&amp;journal=16151615</subfield>
  </datafield>
  <datafield tag="949" ind1="0" ind2="0">
    <subfield code="a">ONLINE / EN LIGNE</subfield>
    <subfield code="w">ASIS</subfield>
    <subfield code="t">PER_WEB</subfield>
    <subfield code="l">DESM-WWW</subfield>
    <subfield code="m">BR1</subfield>
  </datafield>
  <datafield tag="596" ind1=" " ind2=" ">
    <subfield code="a">1</subfield>
  </datafield>
  <datafield tag="999" ind1=" " ind2=" ">
    <subfield code="a">ONLINE / EN LIGNE</subfield>
    <subfield code="w">ASIS</subfield>
    <subfield code="c">1</subfield>
    <subfield code="i">779238-1001</subfield>
    <subfield code="l">DESM-WWW</subfield>
    <subfield code="m">BR1</subfield>
    <subfield code="r">Y</subfield>
    <subfield code="s">Y</subfield>
    <subfield code="t">PER_WEB</subfield>
    <subfield code="u">11/9/2006</subfield>
  </datafield>
</record>