
<record xmlns="http://www.loc.gov/MARC21/slim">
  <leader>00335cam a2200097   4500</leader>
  <controlfield tag="008">060911n                      000 0 eng u</controlfield>
  <datafield tag="035" ind1=" " ind2=" ">
    <subfield code="a">(Sirsi) a779240</subfield>
  </datafield>
  <datafield tag="111" ind1="1" ind2=" ">
    <subfield code="a">`</subfield>
  </datafield>
  <datafield tag="245" ind1="0" ind2="0">
    <subfield code="a">The Gerontologist v. 44 no. 4 (Aug. 2006)</subfield>
  </datafield>
  <datafield tag="596" ind1=" " ind2=" ">
    <subfield code="a">3</subfield>
  </datafield>
  <datafield tag="999" ind1=" " ind2=" ">
    <subfield code="a">XX(779240.1)</subfield>
    <subfield code="w">AUTO</subfield>
    <subfield code="c">1</subfield>
    <subfield code="i">30011000015082</subfield>
    <subfield code="d">9/15/2006</subfield>
    <subfield code="e">9/11/2006</subfield>
    <subfield code="l">HUNT-PER</subfield>
    <subfield code="m">BR3</subfield>
    <subfield code="n">1</subfield>
    <subfield code="r">Y</subfield>
    <subfield code="s">Y</subfield>
    <subfield code="t">PERIODICAL</subfield>
    <subfield code="u">9/11/2006</subfield>
  </datafield>
</record>