
<record xmlns="http://www.loc.gov/MARC21/slim">
  <leader>01282cam a2200313 a 4500</leader>
  <controlfield tag="001">2159746</controlfield>
  <controlfield tag="008">940204s1980    bcca         f000 0 eng d</controlfield>
  <datafield tag="020" ind1=" " ind2=" ">
    <subfield code="a">0771883722</subfield>
  </datafield>
  <datafield tag="035" ind1=" " ind2=" ">
    <subfield code="a">(Sirsi) a779243</subfield>
  </datafield>
  <datafield tag="035" ind1=" " ind2=" ">
    <subfield code="a">(Sirsi) i0771883722</subfield>
  </datafield>
  <datafield tag="040" ind1=" " ind2=" ">
    <subfield code="d">UtOrBLW</subfield>
  </datafield>
  <datafield tag="050" ind1=" " ind2="4">
    <subfield code="a">SH157.8</subfield>
    <subfield code="b">.S87 1980</subfield>
  </datafield>
  <datafield tag="245" ind1="0" ind2="0">
    <subfield code="a">Stream enhancement guide /</subfield>
    <subfield code="c">Kerr Wood Leidal Associates Ltd., D.B. Lister &amp; Associates Ltd.</subfield>
  </datafield>
  <datafield tag="260" ind1=" " ind2=" ">
    <subfield code="a">Vancouver, B.C. :</subfield>
    <subfield code="b">Dept. of Fisheries and Oceans,</subfield>
    <subfield code="c">1980.</subfield>
  </datafield>
  <datafield tag="300" ind1=" " ind2=" ">
    <subfield code="a">v, 82, [14] p. :</subfield>
    <subfield code="b">ill. ;</subfield>
    <subfield code="c">28 cm.</subfield>
  </datafield>
  <datafield tag="500" ind1=" " ind2=" ">
    <subfield code="a">&quot;Prepared under the direction of the Stream Enhancement Research Committee &quot; -- Acknowledgements.</subfield>
  </datafield>
  <datafield tag="500" ind1=" " ind2=" ">
    <subfield code="a">Co-published by Province of British Columbia, Ministry of Environment.</subfield>
  </datafield>
  <datafield tag="504" ind1=" " ind2=" ">
    <subfield code="a">Bibliography: p. [83-84].</subfield>
  </datafield>
  <datafield tag="596" ind1=" " ind2=" ">
    <subfield code="a">1</subfield>
  </datafield>
  <datafield tag="650" ind1=" " ind2="0">
    <subfield code="a">Fish habitat improvement.</subfield>
  </datafield>
  <datafield tag="650" ind1=" " ind2="0">
    <subfield code="a">Fish habitat improvement</subfield>
    <subfield code="z">British Columbia.</subfield>
  </datafield>
  <datafield tag="650" ind1=" " ind2="0">
    <subfield code="a">Salmon</subfield>
    <subfield code="x">Habitat.</subfield>
  </datafield>
  <datafield tag="650" ind1=" " ind2="0">
    <subfield code="a">Trout</subfield>
    <subfield code="x">Habitat.</subfield>
  </datafield>
  <datafield tag="710" ind1="1" ind2=" ">
    <subfield code="a">Canada.</subfield>
    <subfield code="b">Dept. of Fisheries and Oceans.</subfield>
  </datafield>
  <datafield tag="710" ind1="2" ind2=" ">
    <subfield code="a">Kerr Wood Leidal Associates.</subfield>
  </datafield>
  <datafield tag="710" ind1="2" ind2=" ">
    <subfield code="a">D. B. Lister &amp; Associates.</subfield>
  </datafield>
  <datafield tag="710" ind1="1" ind2=" ">
    <subfield code="a">British Columbia.</subfield>
    <subfield code="b">Ministry of Environment.</subfield>
  </datafield>
  <datafield tag="349" ind1=" " ind2=" ">
    <subfield code="a">Public Documents/Publications officielles</subfield>
  </datafield>
  <datafield tag="999" ind1=" " ind2=" ">
    <subfield code="a">SH 157.8 S87 1980</subfield>
    <subfield code="w">LC</subfield>
    <subfield code="c">1</subfield>
    <subfield code="i">30007008182247</subfield>
    <subfield code="l">DESM-CIR</subfield>
    <subfield code="m">BR1</subfield>
    <subfield code="r">Y</subfield>
    <subfield code="s">Y</subfield>
    <subfield code="t">BOOKS</subfield>
    <subfield code="u">11/9/2006</subfield>
    <subfield code="x">GIFTS</subfield>
  </datafield>
</record>