
<record xmlns="http://www.loc.gov/MARC21/slim">
  <leader>01555nas a22004212a 4500</leader>
  <controlfield tag="001">ebs48792e</controlfield>
  <controlfield tag="003">EBZ</controlfield>
  <controlfield tag="006">m        d  ||||||</controlfield>
  <controlfield tag="007">cr|unu||||||||</controlfield>
  <controlfield tag="008">940601c19949999gw qx p       0    0eng d</controlfield>
  <datafield tag="022" ind1=" " ind2=" ">
    <subfield code=" ">y0944-5013</subfield>
  </datafield>
  <datafield tag="035" ind1=" " ind2=" ">
    <subfield code="a">(Sirsi) a779252</subfield>
  </datafield>
  <datafield tag="035" ind1=" " ind2=" ">
    <subfield code="a">(Sirsi) a779252</subfield>
  </datafield>
  <datafield tag="035" ind1=" " ind2=" ">
    <subfield code="a">(EBZ)ebs48792e</subfield>
  </datafield>
  <datafield tag="040" ind1=" " ind2=" ">
    <subfield code="a">EBZ</subfield>
    <subfield code="d">UtOrBLW</subfield>
  </datafield>
  <datafield tag="042" ind1=" " ind2=" ">
    <subfield code="a">lc-m</subfield>
  </datafield>
  <datafield tag="050" ind1=" " ind2="4">
    <subfield code="a">QR51</subfield>
  </datafield>
  <datafield tag="060" ind1="0" ind2="0">
    <subfield code="a">W1</subfield>
    <subfield code="b">MI274W</subfield>
  </datafield>
  <datafield tag="070" ind1="0" ind2=" ">
    <subfield code="a">QR51.Z45</subfield>
  </datafield>
  <datafield tag="245" ind1="0" ind2="0">
    <subfield code="a">Microbiological research</subfield>
    <subfield code="h">[electronic resource].</subfield>
  </datafield>
  <datafield tag="260" ind1=" " ind2=" ">
    <subfield code="a">Jena :</subfield>
    <subfield code="b">G. Fischer,</subfield>
    <subfield code="c">c1994-</subfield>
  </datafield>
  <datafield tag="310" ind1=" " ind2=" ">
    <subfield code="a">Four no. a year</subfield>
  </datafield>
  <datafield tag="362" ind1="0" ind2=" ">
    <subfield code="a">Vol. 149, 1 (Apr. 1994)-</subfield>
  </datafield>
  <datafield tag="500" ind1=" " ind2=" ">
    <subfield code="a">Title from cover.</subfield>
  </datafield>
  <datafield tag="500" ind1=" " ind2=" ">
    <subfield code="a">Latest issue consulted: Vol. 152, 2 (July 1997).</subfield>
  </datafield>
  <datafield tag="546" ind1=" " ind2=" ">
    <subfield code="a">English and German.</subfield>
  </datafield>
  <datafield tag="596" ind1=" " ind2=" ">
    <subfield code="a">1</subfield>
  </datafield>
  <datafield tag="773" ind1="0" ind2=" ">
    <subfield code="t">ScienceDirect </subfield>
    <subfield code="d">Elsevier Science</subfield>
  </datafield>
  <datafield tag="776" ind1="1" ind2=" ">
    <subfield code="t">Microbiological research</subfield>
    <subfield code="x">0944-5013 </subfield>
    <subfield code="w">ocm30526530 </subfield>
    <subfield code="w">   97652275</subfield>
  </datafield>
  <datafield tag="780" ind1="0" ind2="0">
    <subfield code="t">Zentralblatt für Mikrobiologie</subfield>
    <subfield code="x">0232-4393</subfield>
    <subfield code="w">(DLC)   82645751</subfield>
    <subfield code="w">(OCoLC)8440321</subfield>
  </datafield>
  <datafield tag="949" ind1="0" ind2="0">
    <subfield code="a">ONLINE / EN LIGNE</subfield>
    <subfield code="w">ASIS</subfield>
    <subfield code="t">PER_WEB</subfield>
    <subfield code="l">DESM-WWW</subfield>
    <subfield code="m">BR1</subfield>
  </datafield>
  <datafield tag="856" ind1="4" ind2="0">
    <subfield code="z">Available online: 2001 - </subfield>
    <subfield code="u">http://librweb.laurentian.ca/login?url=http://scholarsportal.info/cgi-bin/sciserv.pl?collection=journals&amp;journal=09445013</subfield>
  </datafield>
  <datafield tag="650" ind1=" " ind2="0">
    <subfield code="a">Microbiology</subfield>
    <subfield code="v">Periodicals.</subfield>
  </datafield>
  <datafield tag="650" ind1=" " ind2="0">
    <subfield code="a">Soil microbiology</subfield>
    <subfield code="v">Periodicals.</subfield>
  </datafield>
  <datafield tag="650" ind1=" " ind2="0">
    <subfield code="a">Microbial ecology</subfield>
    <subfield code="v">Periodicals.</subfield>
  </datafield>
  <datafield tag="650" ind1=" " ind2="2">
    <subfield code="a">Biotechnology</subfield>
    <subfield code="v">Periodicals.</subfield>
  </datafield>
  <datafield tag="650" ind1=" " ind2="2">
    <subfield code="a">Environmental Microbiology</subfield>
    <subfield code="v">Periodicals.</subfield>
  </datafield>
  <datafield tag="999" ind1=" " ind2=" ">
    <subfield code="a">ONLINE / EN LIGNE</subfield>
    <subfield code="w">ASIS</subfield>
    <subfield code="c">1</subfield>
    <subfield code="i">779252-1001</subfield>
    <subfield code="l">DESM-WWW</subfield>
    <subfield code="m">BR1</subfield>
    <subfield code="r">Y</subfield>
    <subfield code="s">Y</subfield>
    <subfield code="t">PER_WEB</subfield>
    <subfield code="u">11/9/2006</subfield>
  </datafield>
</record>