
<record xmlns="http://www.loc.gov/MARC21/slim">
  <leader>02037cam a2200397   4500</leader>
  <controlfield tag="007">vf cbahos</controlfield>
  <datafield tag="035" ind1=" " ind2=" ">
    <subfield code="a">(Sirsi) a779253</subfield>
  </datafield>
  <datafield tag="040" ind1=" " ind2=" ">
    <subfield code="a">EYM </subfield>
    <subfield code="c"> EYM</subfield>
  </datafield>
  <datafield tag="050" ind1=" " ind2="0">
    <subfield code="a">E 93</subfield>
    <subfield code="b">I53 2004 DVD</subfield>
  </datafield>
  <controlfield tag="008">060911p20041992cau           00  0 eng  </controlfield>
  <datafield tag="245" ind1="0" ind2="0">
    <subfield code="a">Incident at Oglala </subfield>
    <subfield code="h"> [videorecording] : </subfield>
    <subfield code="b"> the Leonard Peltier story / </subfield>
    <subfield code="c"> Miramax films, Spanish Fork Motion Picture Company presents a film by Michael Apted ; Studio Canal ; produced by Arthur Chobanian ; executive producer, Robert Redford.</subfield>
  </datafield>
  <datafield tag="246" ind1="3" ind2="0">
    <subfield code="a">Leonard Peltier story</subfield>
  </datafield>
  <datafield tag="250" ind1=" " ind2=" ">
    <subfield code="a">Full screen version.</subfield>
  </datafield>
  <datafield tag="260" ind1=" " ind2=" ">
    <subfield code="a">Santa Monica, Calif. : </subfield>
    <subfield code="b"> Artisan Home Entertainment, </subfield>
    <subfield code="c"> c2004, c1992.</subfield>
  </datafield>
  <datafield tag="300" ind1=" " ind2=" ">
    <subfield code="a">1 videodisc (90 min.) : </subfield>
    <subfield code="b"> sd., col. ; </subfield>
    <subfield code="c"> 1/2 in.</subfield>
  </datafield>
  <datafield tag="500" ind1=" " ind2=" ">
    <subfield code="a">FOR CLASSROOM USE ONLY.</subfield>
  </datafield>
  <datafield tag="500" ind1=" " ind2=" ">
    <subfield code="a">DVD.</subfield>
  </datafield>
  <datafield tag="500" ind1=" " ind2=" ">
    <subfield code="a">Originally released in 1988.</subfield>
  </datafield>
  <datafield tag="508" ind1=" " ind2=" ">
    <subfield code="a">Editor, Susanne Rostock ; director of photography, Maryse Alberti ; music consultants, John Trudell, Jackson Browne.</subfield>
  </datafield>
  <datafield tag="511" ind1="0" ind2=" ">
    <subfield code="a">Narrator, Robert Redford.</subfield>
  </datafield>
  <datafield tag="520" ind1=" " ind2=" ">
    <subfield code="a">Examines the 1975 incident where armed FBI agents illegally entered the Pine Ridge Indian Reservation, resulting in the deaths of a Native American and two FBI agents. Explores the controversy and potential abuse of justice surrounding the case of Leonard Peltier, who was the sole person in the incident convicted of murder and sentenced to life in prison.</subfield>
  </datafield>
  <datafield tag="538" ind1=" " ind2=" ">
    <subfield code="a">DVD; NTSC (Region 1); 2.0 Dolby stereo.</subfield>
  </datafield>
  <datafield tag="546" ind1=" " ind2=" ">
    <subfield code="a">English closed captioning.</subfield>
  </datafield>
  <datafield tag="600" ind1="1" ind2="0">
    <subfield code="a">Peltier, Leonard.</subfield>
  </datafield>
  <datafield tag="650" ind1=" " ind2="0">
    <subfield code="a">Justice, Administration of, in motion pictures.</subfield>
  </datafield>
  <datafield tag="650" ind1=" " ind2="0">
    <subfield code="a">Indians in motion pictures.</subfield>
  </datafield>
  <datafield tag="651" ind1=" " ind2="0">
    <subfield code="a">Pine Ridge Indian Reservation (S.D.)</subfield>
  </datafield>
  <datafield tag="655" ind1=" " ind2=" ">
    <subfield code="a">Documentary film.</subfield>
  </datafield>
  <datafield tag="700" ind1="1" ind2=" ">
    <subfield code="a">Peltier, Leonard.</subfield>
  </datafield>
  <datafield tag="700" ind1="1" ind2=" ">
    <subfield code="a">Redford, Robert.</subfield>
  </datafield>
  <datafield tag="700" ind1="1" ind2=" ">
    <subfield code="a">Apted, Michael.</subfield>
  </datafield>
  <datafield tag="710" ind1="2" ind2=" ">
    <subfield code="a">Artisan Home Entertainment (Firm)</subfield>
  </datafield>
  <datafield tag="710" ind1="2" ind2=" ">
    <subfield code="a">Miramax Films.</subfield>
  </datafield>
  <datafield tag="710" ind1="2" ind2=" ">
    <subfield code="a">Spanish Fork Motion Picture Company.</subfield>
  </datafield>
  <datafield tag="596" ind1=" " ind2=" ">
    <subfield code="a">6</subfield>
  </datafield>
  <datafield tag="999" ind1=" " ind2=" ">
    <subfield code="a">E 93 I53 2004 DVD</subfield>
    <subfield code="w">LC</subfield>
    <subfield code="c">1</subfield>
    <subfield code="i">31520001005446</subfield>
    <subfield code="d">3/23/2007</subfield>
    <subfield code="e">3/16/2007</subfield>
    <subfield code="l">ALGO-AV</subfield>
    <subfield code="m">BR4</subfield>
    <subfield code="n">1</subfield>
    <subfield code="r">Y</subfield>
    <subfield code="s">Y</subfield>
    <subfield code="t">DVD</subfield>
    <subfield code="u">11/9/2006</subfield>
  </datafield>
</record>