
<record xmlns="http://www.loc.gov/MARC21/slim">
  <leader>01185cam a2200229   4500</leader>
  <controlfield tag="008">040622s2003    onca          000 0 fre u</controlfield>
  <datafield tag="020" ind1=" " ind2=" ">
    <subfield code="a">2895811768 (module 1 Mesure)</subfield>
  </datafield>
  <datafield tag="020" ind1=" " ind2=" ">
    <subfield code="a">2895811776 (module 2 Relations)</subfield>
  </datafield>
  <datafield tag="020" ind1=" " ind2=" ">
    <subfield code="a">2895811784 (module 3 Algèbre)</subfield>
  </datafield>
  <datafield tag="020" ind1=" " ind2=" ">
    <subfield code="a">2895811792 (module 4  Géométrie analytique et géométrie)</subfield>
  </datafield>
  <datafield tag="020" ind1=" " ind2=" ">
    <subfield code="a">2895812284 (guide)</subfield>
  </datafield>
  <datafield tag="035" ind1=" " ind2=" ">
    <subfield code="a">(Sirsi) a779258</subfield>
  </datafield>
  <datafield tag="100" ind1="1" ind2=" ">
    <subfield code="a">Cadieux, Nicole</subfield>
  </datafield>
  <datafield tag="245" ind1="0" ind2="0">
    <subfield code="a">Les mathématiques, un monde à apprivoiser :</subfield>
    <subfield code="b">module 1: Mesure /</subfield>
    <subfield code="c">Nicole Cadieux; Rédaction Josée Hébert, Jacuqes Moncion, Renée Paradis; Contribution Karl Doré; Guide d&apos;enseignement</subfield>
  </datafield>
  <datafield tag="260" ind1=" " ind2=" ">
    <subfield code="a">Ottawa ;</subfield>
    <subfield code="b">CFORP, </subfield>
    <subfield code="c">2003</subfield>
  </datafield>
  <datafield tag="300" ind1=" " ind2=" ">
    <subfield code="a">364 p. :</subfield>
    <subfield code="b">ill. (en noir et blanc) +</subfield>
    <subfield code="4">modules</subfield>
  </datafield>
  <datafield tag="740" ind1=" " ind2="4">
    <subfield code="a">Les mathématiques, un monde à apprivoiser : Relations</subfield>
  </datafield>
  <datafield tag="740" ind1=" " ind2="4">
    <subfield code="a">Les mathématiques, un monde à apprivoiser : Algèbre</subfield>
  </datafield>
  <datafield tag="740" ind1=" " ind2="4">
    <subfield code="a">Les mathématiques, un monde à apprivoiser : Géométrie analytique et Géométrie</subfield>
  </datafield>
  <datafield tag="740" ind1=" " ind2="4">
    <subfield code="a">Les mathématiques, un monde à apprivoiser : Guide d&apos;évaluation Modules 1 à 4</subfield>
  </datafield>
  <datafield tag="596" ind1=" " ind2=" ">
    <subfield code="a">10</subfield>
  </datafield>
  <datafield tag="999" ind1=" " ind2=" ">
    <subfield code="a">aides/Maths 9 Géométrie module 4</subfield>
    <subfield code="w">ALPHANUM</subfield>
    <subfield code="c">1</subfield>
    <subfield code="i">30009000012364</subfield>
    <subfield code="l">EDUC-REF</subfield>
    <subfield code="m">BR2</subfield>
    <subfield code="r">N</subfield>
    <subfield code="s">Y</subfield>
    <subfield code="t">BOOKS</subfield>
    <subfield code="u">11/9/2006</subfield>
  </datafield>
</record>