
<record xmlns="http://www.loc.gov/MARC21/slim">
  <leader>00907nam a2200241 i 4500</leader>
  <controlfield tag="001">11-0002888</controlfield>
  <controlfield tag="005">19971218135244.0</controlfield>
  <controlfield tag="008">971218e1997    on     u      000 0 fre  </controlfield>
  <datafield tag="035" ind1=" " ind2=" ">
    <subfield code="a">(Sirsi) a779267</subfield>
  </datafield>
  <datafield tag="041" ind1=" " ind2=" ">
    <subfield code="a">français</subfield>
  </datafield>
  <datafield tag="044" ind1=" " ind2=" ">
    <subfield code="a">canada</subfield>
  </datafield>
  <datafield tag="082" ind1=" " ind2=" ">
    <subfield code="a">PED 103 S1</subfield>
  </datafield>
  <datafield tag="210" ind1=" " ind2=" ">
    <subfield code="a">Centre franco-ontarien des ressources pédagogiques</subfield>
  </datafield>
  <datafield tag="245" ind1="1" ind2="0">
    <subfield code="a">Spiraline /</subfield>
    <subfield code="c">Centre franco-ontarien des ressources pédagogiques</subfield>
  </datafield>
  <datafield tag="260" ind1=" " ind2=" ">
    <subfield code="a">Vanier, Ont. :</subfield>
    <subfield code="b">Centre franco-ontarien de ressources pédagogiques,</subfield>
    <subfield code="c">1997</subfield>
  </datafield>
  <datafield tag="300" ind1=" " ind2=" ">
    <subfield code="a">60p.</subfield>
  </datafield>
  <datafield tag="349" ind1=" " ind2=" ">
    <subfield code="a">Pédagogie--interdisciplinarité--centres d&apos;activités--3e année</subfield>
  </datafield>
  <datafield tag="362" ind1="1" ind2=" ">
    <subfield code="a">1997</subfield>
  </datafield>
  <datafield tag="500" ind1=" " ind2=" ">
    <subfield code="a">3e année</subfield>
  </datafield>
  <datafield tag="650" ind1=" " ind2="0">
    <subfield code="a">Pédagogie-- centres d&apos;activités--3e année</subfield>
  </datafield>
  <datafield tag="949" ind1=" " ind2=" ">
    <subfield code="a">PED 103 S1</subfield>
    <subfield code="w">ALPHANUM</subfield>
    <subfield code="i">30007005700272</subfield>
    <subfield code="r">Y</subfield>
    <subfield code="t">BOOKS</subfield>
    <subfield code="l">DESM-CIR</subfield>
    <subfield code="m">BR2</subfield>
  </datafield>
  <datafield tag="596" ind1=" " ind2=" ">
    <subfield code="a">10</subfield>
  </datafield>
  <datafield tag="999" ind1=" " ind2=" ">
    <subfield code="a">aides/Français 3e CFORP</subfield>
    <subfield code="w">ALPHANUM</subfield>
    <subfield code="c">1</subfield>
    <subfield code="i">30009000012075</subfield>
    <subfield code="l">EDUC-REF</subfield>
    <subfield code="m">BR2</subfield>
    <subfield code="r">N</subfield>
    <subfield code="s">Y</subfield>
    <subfield code="t">BOOKS</subfield>
    <subfield code="u">11/9/2006</subfield>
  </datafield>
</record>