
<record xmlns="http://www.loc.gov/MARC21/slim">
  <leader>01033cam a2200241   4500</leader>
  <controlfield tag="008">060405n2005                  000 0 eng u</controlfield>
  <datafield tag="015" ind1=" " ind2=" ">
    <subfield code="a">GBA624220 </subfield>
    <subfield code="2"> bnb</subfield>
  </datafield>
  <datafield tag="020" ind1=" " ind2=" ">
    <subfield code="a">0854841016</subfield>
  </datafield>
  <datafield tag="035" ind1=" " ind2=" ">
    <subfield code="a">(Sirsi) a779270</subfield>
  </datafield>
  <datafield tag="040" ind1=" " ind2=" ">
    <subfield code="a">dCaOSULN</subfield>
  </datafield>
  <datafield tag="090" ind1=" " ind2=" ">
    <subfield code="a">WZ 310 Q334 2005</subfield>
  </datafield>
  <datafield tag="245" ind1="0" ind2="0">
    <subfield code="a">Quackery and commerce in seventeenth-century London: </subfield>
    <subfield code="b"> the proprietary medicine business of Anthony Daffy / </subfield>
    <subfield code="c"> edited by David Boyd Haycock and Patrick Wallis.</subfield>
  </datafield>
  <datafield tag="260" ind1=" " ind2=" ">
    <subfield code="a">London: </subfield>
    <subfield code="b"> The Wellcome Trust Centre for the History of Medicine at UCL, </subfield>
    <subfield code="c">2005.</subfield>
  </datafield>
  <datafield tag="300" ind1=" " ind2=" ">
    <subfield code="a">vii, 216p. : </subfield>
    <subfield code="b"> ill., 1 map ; </subfield>
    <subfield code="c"> 25 cm.</subfield>
  </datafield>
  <datafield tag="440" ind1="0" ind2=" ">
    <subfield code="a">Medical history. Supplement No. 25.</subfield>
  </datafield>
  <datafield tag="600" ind1="1" ind2="0">
    <subfield code="a">Daffy, Anthony.</subfield>
  </datafield>
  <datafield tag="650" ind1=" " ind2="0">
    <subfield code="a">Medicine</subfield>
    <subfield code="z">England</subfield>
    <subfield code="x">History</subfield>
    <subfield code="y">17th century</subfield>
  </datafield>
  <datafield tag="650" ind1=" " ind2="0">
    <subfield code="a">Quacks and quackery</subfield>
    <subfield code="z">England</subfield>
    <subfield code="x">History</subfield>
    <subfield code="y">17 century</subfield>
  </datafield>
  <datafield tag="653" ind1="0" ind2=" ">
    <subfield code="a">Pharmacists </subfield>
    <subfield code="z">England </subfield>
    <subfield code="x">History </subfield>
    <subfield code="y">17th century.</subfield>
  </datafield>
  <datafield tag="700" ind1="1" ind2=" ">
    <subfield code="a">Haycock, David Boyd, </subfield>
    <subfield code="d"> 1968-</subfield>
  </datafield>
  <datafield tag="700" ind1="1" ind2=" ">
    <subfield code="a">Wallis, Patrick.</subfield>
  </datafield>
  <datafield tag="596" ind1=" " ind2=" ">
    <subfield code="a">12</subfield>
  </datafield>
  <datafield tag="999" ind1=" " ind2=" ">
    <subfield code="a">WZ 310 Q334 2005 HIRCW</subfield>
    <subfield code="w">NLM</subfield>
    <subfield code="c">1</subfield>
    <subfield code="i">30017000042448</subfield>
    <subfield code="l">HIRCW-CIRC</subfield>
    <subfield code="m">SL1</subfield>
    <subfield code="r">Y</subfield>
    <subfield code="s">Y</subfield>
    <subfield code="t">BOOKS</subfield>
    <subfield code="u">11/9/2006</subfield>
  </datafield>
</record>