
<record xmlns="http://www.loc.gov/MARC21/slim">
  <leader>00789cam a2200145   4500</leader>
  <controlfield tag="008">060517s1997    onc           000 0 fre u</controlfield>
  <datafield tag="035" ind1=" " ind2=" ">
    <subfield code="a">(Sirsi) a779271</subfield>
  </datafield>
  <datafield tag="210" ind1="1" ind2=" ">
    <subfield code="a">Conseil scolaire catholique de district des Grandes Rivières</subfield>
  </datafield>
  <datafield tag="245" ind1="1" ind2="0">
    <subfield code="a">Cours d&apos;études de français 7e année :</subfield>
    <subfield code="b">Le curriculum de l&apos;Ontario de la 1re à la 8e année /</subfield>
    <subfield code="c">Conseil scolaire catholique de district des Grandes Rivières</subfield>
  </datafield>
  <datafield tag="246" ind1=" " ind2=" ">
    <subfield code="a">Cours d&apos;études de français septième année :</subfield>
    <subfield code="b">Le curriculum de l&apos;Ontario de la première à la huitième année1</subfield>
  </datafield>
  <datafield tag="260" ind1=" " ind2=" ">
    <subfield code="a">Vanier, Ont :</subfield>
    <subfield code="b">CFORP,</subfield>
    <subfield code="c">1999</subfield>
  </datafield>
  <datafield tag="300" ind1=" " ind2=" ">
    <subfield code="a">118 p.</subfield>
  </datafield>
  <datafield tag="505" ind1=" " ind2=" ">
    <subfield code="a">[ptie 1] Mars -- [ptie 2] Avril -- [ptie 3] Mai/juin -- [ptie 4] Annexes</subfield>
  </datafield>
  <datafield tag="596" ind1=" " ind2=" ">
    <subfield code="a">10</subfield>
  </datafield>
  <datafield tag="999" ind1=" " ind2=" ">
    <subfield code="a">aides/Français 7e CSCGR B</subfield>
    <subfield code="w">ALPHANUM</subfield>
    <subfield code="c">1</subfield>
    <subfield code="i">30009000022116</subfield>
    <subfield code="l">EDUC-REF</subfield>
    <subfield code="m">BR2</subfield>
    <subfield code="r">N</subfield>
    <subfield code="s">Y</subfield>
    <subfield code="t">BOOKS</subfield>
    <subfield code="u">11/9/2006</subfield>
  </datafield>
</record>