
<record xmlns="http://www.loc.gov/MARC21/slim">
  <leader>00928cam a2200145   4500</leader>
  <controlfield tag="008">060517s1997    onc           000 0 fre u</controlfield>
  <datafield tag="035" ind1=" " ind2=" ">
    <subfield code="a">(Sirsi) a779273</subfield>
  </datafield>
  <datafield tag="210" ind1="1" ind2=" ">
    <subfield code="a">Conseil scolaire catholique de district des Grandes Rivières</subfield>
  </datafield>
  <datafield tag="245" ind1="1" ind2="0">
    <subfield code="a">Cours d&apos;études de français 8e année :</subfield>
    <subfield code="b">Le curriculum de l&apos;Ontario de la 1re à la 8e année /</subfield>
    <subfield code="c">Conseil scolaire catholique de district des Grandes Rivières</subfield>
  </datafield>
  <datafield tag="246" ind1=" " ind2=" ">
    <subfield code="a">Cours d&apos;études de français huitième année :</subfield>
    <subfield code="b">Le curriculum de l&apos;Ontario de la première à la huitième année1</subfield>
  </datafield>
  <datafield tag="260" ind1=" " ind2=" ">
    <subfield code="a">Vanier, Ont :</subfield>
    <subfield code="b">CFORP,</subfield>
    <subfield code="c">1999</subfield>
  </datafield>
  <datafield tag="300" ind1=" " ind2=" ">
    <subfield code="a">116 p.</subfield>
  </datafield>
  <datafield tag="505" ind1=" " ind2=" ">
    <subfield code="a">[ptie 1] Septembre -- [ptie 2] Octobre -- [ptie 3] Novembre -- [ptie 4] Décembre -- [ptie 5] Janvier -- [ptie 6] Février -- [ptie 7] Mars -- [ptie 8] Avril -- [ptie 9] Mai -- [ptie 10] Juin -- [ptie 11] Annexes</subfield>
  </datafield>
  <datafield tag="596" ind1=" " ind2=" ">
    <subfield code="a">10</subfield>
  </datafield>
  <datafield tag="999" ind1=" " ind2=" ">
    <subfield code="a">aides/Français 8e CSCDGR</subfield>
    <subfield code="w">ALPHANUM</subfield>
    <subfield code="c">1</subfield>
    <subfield code="i">30009000021621</subfield>
    <subfield code="l">EDUC-REF</subfield>
    <subfield code="m">BR2</subfield>
    <subfield code="r">N</subfield>
    <subfield code="s">Y</subfield>
    <subfield code="t">BOOKS</subfield>
    <subfield code="u">11/9/2006</subfield>
  </datafield>
</record>