
<record xmlns="http://www.loc.gov/MARC21/slim">
  <leader>00936cam a2200229   4500</leader>
  <controlfield tag="008">060911s2005    fr a          001 0 fra u</controlfield>
  <datafield tag="020" ind1=" " ind2=" ">
    <subfield code="a">2912601320</subfield>
  </datafield>
  <datafield tag="035" ind1=" " ind2=" ">
    <subfield code="a">(Sirsi) a779275</subfield>
  </datafield>
  <datafield tag="100" ind1=" " ind2=" ">
    <subfield code="a"></subfield>
  </datafield>
  <datafield tag="245" ind1="0" ind2="4">
    <subfield code="a">Les mutations de l&apos;école : </subfield>
    <subfield code="b">le regard des sociologues /</subfield>
    <subfield code="c">coordonné par Martine Fournier et Vincent Troger ; [Jean Baubérot ... et al.]</subfield>
  </datafield>
  <datafield tag="260" ind1=" " ind2=" ">
    <subfield code="a">Auxerre : </subfield>
    <subfield code="b">Sciences humaines, </subfield>
    <subfield code="c">2005</subfield>
  </datafield>
  <datafield tag="300" ind1=" " ind2=" ">
    <subfield code="a">274 p. : </subfield>
    <subfield code="b">ill.</subfield>
  </datafield>
  <datafield tag="490" ind1="0" ind2=" ">
    <subfield code="a">Les dossiers de l&apos;éducation</subfield>
  </datafield>
  <datafield tag="504" ind1=" " ind2=" ">
    <subfield code="a">Comprend des réf. bibliogr. (p. 247-262) et des indexes.</subfield>
  </datafield>
  <datafield tag="650" ind1=" " ind2="6">
    <subfield code="a">Sociologie de l&apos;éducation </subfield>
    <subfield code="z">France</subfield>
  </datafield>
  <datafield tag="650" ind1=" " ind2="6">
    <subfield code="a">Enseignement </subfield>
    <subfield code="z">France</subfield>
  </datafield>
  <datafield tag="650" ind1=" " ind2="6">
    <subfield code="a">Pédagogie </subfield>
    <subfield code="x">Recherche</subfield>
  </datafield>
  <datafield tag="700" ind1="1" ind2=" ">
    <subfield code="a">Fournier, Martine,</subfield>
    <subfield code="d">1945- , éd.</subfield>
  </datafield>
  <datafield tag="700" ind1="1" ind2=" ">
    <subfield code="a">Troger, Vincent</subfield>
  </datafield>
  <datafield tag="700" ind1="1" ind2=" ">
    <subfield code="a">Baubérot, Jean</subfield>
  </datafield>
  <datafield tag="596" ind1=" " ind2=" ">
    <subfield code="a">5</subfield>
  </datafield>
  <datafield tag="999" ind1=" " ind2=" ">
    <subfield code="a">306.430944 M</subfield>
    <subfield code="w">DEWEY</subfield>
    <subfield code="c">1</subfield>
    <subfield code="i">31234003638754</subfield>
    <subfield code="d">4/12/2007</subfield>
    <subfield code="e">3/22/2007</subfield>
    <subfield code="l">HRST-PRET</subfield>
    <subfield code="m">BM1</subfield>
    <subfield code="n">2</subfield>
    <subfield code="p">$41.95</subfield>
    <subfield code="r">Y</subfield>
    <subfield code="s">Y</subfield>
    <subfield code="t">BOOKS</subfield>
    <subfield code="u">11/9/2006</subfield>
    <subfield code="o">.STAFF. Dimédia / DG / 2006</subfield>
  </datafield>
</record>