
<record xmlns="http://www.loc.gov/MARC21/slim">
  <leader>00969cam a2200157   4500</leader>
  <controlfield tag="008">060725s2000    onc           000 0 fre u</controlfield>
  <datafield tag="020" ind1=" " ind2=" ">
    <subfield code="a">2894429142</subfield>
  </datafield>
  <datafield tag="035" ind1=" " ind2=" ">
    <subfield code="a">(Sirsi) a779276</subfield>
  </datafield>
  <datafield tag="210" ind1="1" ind2=" ">
    <subfield code="a">Ontario.</subfield>
    <subfield code=" ">Association des enseignantes et enseignants de sciences humaines</subfield>
  </datafield>
  <datafield tag="245" ind1="1" ind2="0">
    <subfield code="a">Document d&apos;appui :</subfield>
    <subfield code="b">principes de géographie du Canada cours théorique et appliqué 9e année /</subfield>
    <subfield code="c">Association des enseignantes et enseignants de sciences humaines de l&apos;Ontario</subfield>
  </datafield>
  <datafield tag="246" ind1=" " ind2=" ">
    <subfield code="a">Document d&apos;appui :</subfield>
    <subfield code="b">principes de géographie du Canada cours théorique et appliqué neuvième année</subfield>
  </datafield>
  <datafield tag="260" ind1=" " ind2=" ">
    <subfield code="a">Vanier, Ont :</subfield>
    <subfield code="b">CFORP,</subfield>
    <subfield code="c">2000</subfield>
  </datafield>
  <datafield tag="300" ind1=" " ind2=" ">
    <subfield code="a">98 p.</subfield>
  </datafield>
  <datafield tag="500" ind1=" " ind2=" ">
    <subfield code="a">[ptie 1] Durée -- [ptie 2] Description -- [ptie 3] Domaines, attentes et contenus d&apos;apprentissage -- [ptie 4] Notes de planification -- [ptie 5] Déroulement -- [ptie 6] Ressources -- [ptie 7] Annexes</subfield>
  </datafield>
  <datafield tag="596" ind1=" " ind2=" ">
    <subfield code="a">10</subfield>
  </datafield>
  <datafield tag="999" ind1=" " ind2=" ">
    <subfield code="a">aides/9 AEESHO Géographie doc appui</subfield>
    <subfield code="w">ALPHANUM</subfield>
    <subfield code="c">1</subfield>
    <subfield code="i">30009000012117</subfield>
    <subfield code="l">EDUC-REF</subfield>
    <subfield code="m">BR2</subfield>
    <subfield code="r">N</subfield>
    <subfield code="s">Y</subfield>
    <subfield code="t">BOOKS</subfield>
    <subfield code="u">11/9/2006</subfield>
  </datafield>
</record>