
<record xmlns="http://www.loc.gov/MARC21/slim">
  <leader>00769cam a2200205   4500</leader>
  <controlfield tag="008">060911s2006    onc           001 0 eng u</controlfield>
  <datafield tag="020" ind1=" " ind2=" ">
    <subfield code="a">019542350X</subfield>
  </datafield>
  <datafield tag="035" ind1=" " ind2=" ">
    <subfield code="a">(Sirsi) a779281</subfield>
  </datafield>
  <datafield tag="100" ind1=" " ind2=" ">
    <subfield code="a"></subfield>
  </datafield>
  <datafield tag="245" ind1="0" ind2="0">
    <subfield code="a">Rethinking Canada :</subfield>
    <subfield code="b">the promise of women&apos;s history /</subfield>
    <subfield code="c">éd. par Mona Gleason et Adele Perry</subfield>
  </datafield>
  <datafield tag="250" ind1=" " ind2=" ">
    <subfield code="a">5e éd.</subfield>
  </datafield>
  <datafield tag="260" ind1=" " ind2=" ">
    <subfield code="a">Don Mills, Ont. :</subfield>
    <subfield code="b">Oxford University Press, </subfield>
    <subfield code="c">2006</subfield>
  </datafield>
  <datafield tag="300" ind1=" " ind2=" ">
    <subfield code="a">viii, 400 p.</subfield>
  </datafield>
  <datafield tag="504" ind1=" " ind2=" ">
    <subfield code="a">Comprend des réf. bibliogr. et un index.</subfield>
  </datafield>
  <datafield tag="650" ind1=" " ind2="6">
    <subfield code="a">Femmes </subfield>
    <subfield code="z">Canada </subfield>
    <subfield code="x">Histoire</subfield>
  </datafield>
  <datafield tag="650" ind1=" " ind2="6">
    <subfield code="a">Femmes </subfield>
    <subfield code="z">Canada </subfield>
    <subfield code="x">Conditions sociales</subfield>
  </datafield>
  <datafield tag="700" ind1="1" ind2=" ">
    <subfield code="a">Perry, Adele</subfield>
  </datafield>
  <datafield tag="700" ind1="1" ind2=" ">
    <subfield code="a">Gleason, Mona, </subfield>
    <subfield code="d">1964-</subfield>
  </datafield>
  <datafield tag="596" ind1=" " ind2=" ">
    <subfield code="a">5</subfield>
  </datafield>
  <datafield tag="999" ind1=" " ind2=" ">
    <subfield code="a">305.40971 R</subfield>
    <subfield code="w">DEWEY</subfield>
    <subfield code="c">1</subfield>
    <subfield code="i">31234003641444</subfield>
    <subfield code="l">HRST-PRET</subfield>
    <subfield code="m">BM1</subfield>
    <subfield code="p">$62.95</subfield>
    <subfield code="r">Y</subfield>
    <subfield code="s">Y</subfield>
    <subfield code="t">BOOKS</subfield>
    <subfield code="u">11/9/2006</subfield>
    <subfield code="o">.STAFF. Oxford Univ. Press / DG / 2006</subfield>
  </datafield>
</record>