
<record xmlns="http://www.loc.gov/MARC21/slim">
  <leader>00957cam a2200169   4500</leader>
  <controlfield tag="008">040622s2006    onca          000 0 fre u</controlfield>
  <datafield tag="020" ind1=" " ind2=" ">
    <subfield code="a">2895813000</subfield>
  </datafield>
  <datafield tag="035" ind1=" " ind2=" ">
    <subfield code="a">(Sirsi) a779282</subfield>
  </datafield>
  <datafield tag="245" ind1="0" ind2="4">
    <subfield code="a">Les mathématiques ... un peu, beaucoup, à la folie! maternelle et jardin d&apos;enfants:</subfield>
    <subfield code="b">numération et sens du nombre, mesure, traitement des données /</subfield>
    <subfield code="c">Diane Boyer ... [et. al.] Équipe de révision Patrick Moisan, Monique Roy</subfield>
  </datafield>
  <datafield tag="260" ind1=" " ind2=" ">
    <subfield code="a">Ottawa ;</subfield>
    <subfield code="b">CFORP, </subfield>
    <subfield code="c">2006</subfield>
  </datafield>
  <datafield tag="300" ind1=" " ind2=" ">
    <subfield code="a">574 p. :</subfield>
    <subfield code="b">ill. (en noir et blanc)</subfield>
  </datafield>
  <datafield tag="500" ind1=" " ind2=" ">
    <subfield code="a">[ptie 1]  Module 1: je compte tout le temps! -- [ptie 2] Module 2: c&apos;est tout un problème! -- [ptie 3] Module 3: je compare et je mesure</subfield>
  </datafield>
  <datafield tag="700" ind1="1" ind2=" ">
    <subfield code="a">Boyer, Diane</subfield>
  </datafield>
  <datafield tag="740" ind1=" " ind2=" ">
    <subfield code="a">guide pédagogique</subfield>
  </datafield>
  <datafield tag="596" ind1=" " ind2=" ">
    <subfield code="a">10</subfield>
  </datafield>
  <datafield tag="999" ind1=" " ind2=" ">
    <subfield code="a">Maths mat.jardin GAU [et al.] c.2</subfield>
    <subfield code="w">ALPHANUM</subfield>
    <subfield code="c">1</subfield>
    <subfield code="i">30009000021720</subfield>
    <subfield code="l">EDUC-REF</subfield>
    <subfield code="m">BR2</subfield>
    <subfield code="r">N</subfield>
    <subfield code="s">Y</subfield>
    <subfield code="t">BOOKS</subfield>
    <subfield code="u">11/9/2006</subfield>
  </datafield>
  <datafield tag="999" ind1=" " ind2=" ">
    <subfield code="a">Maths mat.jardin GAU [et al.] c.2</subfield>
    <subfield code="w">ALPHANUM</subfield>
    <subfield code="c">2</subfield>
    <subfield code="i">30009000021779</subfield>
    <subfield code="l">EDUC-REF</subfield>
    <subfield code="m">BR2</subfield>
    <subfield code="r">N</subfield>
    <subfield code="s">Y</subfield>
    <subfield code="t">BOOKS</subfield>
    <subfield code="u">11/9/2006</subfield>
  </datafield>
</record>