
<record xmlns="http://www.loc.gov/MARC21/slim">
  <leader>01627cam a2200241   4500</leader>
  <controlfield tag="008">060911s2005    be ad         001 0 fra u</controlfield>
  <datafield tag="020" ind1=" " ind2=" ">
    <subfield code="a">280414710X</subfield>
  </datafield>
  <datafield tag="035" ind1=" " ind2=" ">
    <subfield code="a">(Sirsi) a779285</subfield>
  </datafield>
  <datafield tag="100" ind1="1" ind2=" ">
    <subfield code="a">Kinnear, Paul</subfield>
  </datafield>
  <datafield tag="245" ind1="1" ind2="0">
    <subfield code="a">SPSS facile appliqué à la psychologie et aux sciences sociales : </subfield>
    <subfield code="b">maîtriser le traitement des données /</subfield>
    <subfield code="c">par Paul Kinnear, Colin Gray ; traducteur, Nathalie Huet ; réviseur scientifique, Bernard Masuy</subfield>
  </datafield>
  <datafield tag="260" ind1=" " ind2=" ">
    <subfield code="a">Bruxelles :</subfield>
    <subfield code="b">De Boeck, </subfield>
    <subfield code="c">c2005</subfield>
  </datafield>
  <datafield tag="300" ind1=" " ind2=" ">
    <subfield code="a">432 p. : </subfield>
    <subfield code="b">ill.</subfield>
  </datafield>
  <datafield tag="500" ind1=" " ind2=" ">
    <subfield code="a">Trad. de: SPSS for Windows made simple : release 10</subfield>
  </datafield>
  <datafield tag="500" ind1=" " ind2=" ">
    <subfield code="a">&quot;Pour les étudiants de 2e et 3e cycle en psychologie et en sciences sociales, basé sur SPSS 10 (exploitation Windows)&quot;--P. 4 de la couv.</subfield>
  </datafield>
  <datafield tag="520" ind1=" " ind2=" ">
    <subfield code="a">Guide d&apos;apprentissage de la version 10 de ce logiciel de statistique sous Windows. Ne présupposant aucune connaissance préalable du progiciel, il s&apos;adresse aussi bien aux débutants qu&apos;aux utilisateurs plus aguerris, puisqu&apos;il en couvre à la fois les fonctionnalités et les applications de base et les possibilités avancées. Des exemples et des exercices pratiques dirigés illustrent chacune des notions abordées.</subfield>
  </datafield>
  <datafield tag="630" ind1="0" ind2="6">
    <subfield code="a">SPSS pour Windows (Logiciel)</subfield>
  </datafield>
  <datafield tag="630" ind1="0" ind2="6">
    <subfield code="a">SPSS pour Windows (Logiciel) </subfield>
    <subfield code="v">Problèmes et exercices</subfield>
  </datafield>
  <datafield tag="650" ind1=" " ind2="6">
    <subfield code="a">Sciences sociales </subfield>
    <subfield code="x">Méthodes statistiques </subfield>
    <subfield code="x">Logiciels</subfield>
  </datafield>
  <datafield tag="650" ind1=" " ind2="6">
    <subfield code="a">Psychologie </subfield>
    <subfield code="x">Méthodes statistiques </subfield>
    <subfield code="x">Logiciels</subfield>
  </datafield>
  <datafield tag="700" ind1="1" ind2=" ">
    <subfield code="a">Gray, Colin</subfield>
  </datafield>
  <datafield tag="700" ind1="1" ind2=" ">
    <subfield code="a">Masuy, Bernard</subfield>
  </datafield>
  <datafield tag="596" ind1=" " ind2=" ">
    <subfield code="a">5</subfield>
  </datafield>
  <datafield tag="999" ind1=" " ind2=" ">
    <subfield code="a">005.55 K</subfield>
    <subfield code="w">DEWEY</subfield>
    <subfield code="c">1</subfield>
    <subfield code="i">31234003641451</subfield>
    <subfield code="d">12/10/2007</subfield>
    <subfield code="e">12/10/2007</subfield>
    <subfield code="k">CHECKEDOUT</subfield>
    <subfield code="l">HRST-PRET</subfield>
    <subfield code="m">BM1</subfield>
    <subfield code="n">2</subfield>
    <subfield code="p">$49.95</subfield>
    <subfield code="r">M</subfield>
    <subfield code="s">Y</subfield>
    <subfield code="t">BOOKS</subfield>
    <subfield code="u">11/9/2006</subfield>
    <subfield code="o">.STAFF. ERPI / DG / 2006</subfield>
  </datafield>
</record>