
<record xmlns="http://www.loc.gov/MARC21/slim">
  <leader>00968nam a2200265 a 4500</leader>
  <controlfield tag="001">H01-0024308</controlfield>
  <controlfield tag="007">t </controlfield>
  <controlfield tag="008">060420s2000    fr            000 u fre d</controlfield>
  <datafield tag="020" ind1=" " ind2=" ">
    <subfield code="a">2221090810</subfield>
  </datafield>
  <datafield tag="020" ind1=" " ind2=" ">
    <subfield code="a">2266104535</subfield>
  </datafield>
  <datafield tag="035" ind1=" " ind2=" ">
    <subfield code="a">(Sirsi) a779289</subfield>
  </datafield>
  <datafield tag="040" ind1=" " ind2=" ">
    <subfield code="a">CaOHCU</subfield>
    <subfield code="b">fre</subfield>
  </datafield>
  <datafield tag="082" ind1="0" ind2=" ">
    <subfield code="a">848 L668e</subfield>
  </datafield>
  <datafield tag="100" ind1="1" ind2=" ">
    <subfield code="a">Lévy, Marc</subfield>
  </datafield>
  <datafield tag="245" ind1="1" ind2="0">
    <subfield code="a">Et si c&apos;était vrai :</subfield>
    <subfield code="b">roman /</subfield>
    <subfield code="c">par Marc Lévy</subfield>
  </datafield>
  <datafield tag="260" ind1=" " ind2=" ">
    <subfield code="a">Paris :</subfield>
    <subfield code="b">R. Laffont,</subfield>
    <subfield code="c">c2000.</subfield>
  </datafield>
  <datafield tag="300" ind1=" " ind2=" ">
    <subfield code="a">268 p.</subfield>
  </datafield>
  <datafield tag="490" ind1=" " ind2=" ">
    <subfield code="a">Best-Sellers</subfield>
  </datafield>
  <datafield tag="505" ind1="0" ind2="0">
    <subfield code="t">À partir d&apos;une idée, d&apos;une image, une sorte de conte de fée contemporain dont le sujet a conquis le cinéaste Spielberg.</subfield>
  </datafield>
  <datafield tag="650" ind1=" " ind2="6">
    <subfield code="a">Coma</subfield>
    <subfield code="x">Patients</subfield>
    <subfield code="x">Romans</subfield>
  </datafield>
  <datafield tag="650" ind1=" " ind2="6">
    <subfield code="a">Architectes</subfield>
    <subfield code="x">Californie</subfield>
    <subfield code="x">San Francisco</subfield>
    <subfield code="x">Romans</subfield>
  </datafield>
  <datafield tag="650" ind1=" " ind2="6">
    <subfield code="a">San Francisco (Calif.)</subfield>
    <subfield code="x">Romans</subfield>
  </datafield>
  <datafield tag="949" ind1=" " ind2=" ">
    <subfield code="a">848 L668e</subfield>
    <subfield code="w">DEWEY</subfield>
    <subfield code="i">31234003610092</subfield>
    <subfield code="p">26.95</subfield>
    <subfield code="r">Y</subfield>
    <subfield code="t">BOOKS</subfield>
    <subfield code="l">HRST-PRET</subfield>
    <subfield code="m">BM1</subfield>
    <subfield code="o">.STAFF. ADP / DG / 2003</subfield>
  </datafield>
  <datafield tag="596" ind1=" " ind2=" ">
    <subfield code="a">10</subfield>
  </datafield>
  <datafield tag="999" ind1=" " ind2=" ">
    <subfield code="a">FRA 9.12 LEV c.2</subfield>
    <subfield code="w">DEWEY</subfield>
    <subfield code="c">1</subfield>
    <subfield code="i">30009000021928</subfield>
    <subfield code="l">EDUC-REF</subfield>
    <subfield code="m">BR2</subfield>
    <subfield code="r">N</subfield>
    <subfield code="s">Y</subfield>
    <subfield code="t">BOOKS</subfield>
    <subfield code="u">11/9/2006</subfield>
  </datafield>
</record>