
<record xmlns="http://www.loc.gov/MARC21/slim">
  <leader>01619cam a2200253   4500</leader>
  <controlfield tag="008">060911s2004    fr ab         001 0 fra u</controlfield>
  <datafield tag="020" ind1=" " ind2=" ">
    <subfield code="a">2200267460</subfield>
  </datafield>
  <datafield tag="035" ind1=" " ind2=" ">
    <subfield code="a">(Sirsi) a779295</subfield>
  </datafield>
  <datafield tag="100" ind1=" " ind2=" ">
    <subfield code="a"></subfield>
  </datafield>
  <datafield tag="245" ind1="0" ind2="4">
    <subfield code="a">Les États postsoviétiques : </subfield>
    <subfield code="b">identités en construction, transformations politiques, trajectoires économiques /</subfield>
    <subfield code="c">sous la direction de Jean Radvanyi ; Observatoire des États postsoviétiques, INALCO</subfield>
  </datafield>
  <datafield tag="250" ind1=" " ind2=" ">
    <subfield code="a">2e éd., ent. mise à jour</subfield>
  </datafield>
  <datafield tag="260" ind1=" " ind2=" ">
    <subfield code="a">Paris :</subfield>
    <subfield code="b">A. Colin, </subfield>
    <subfield code="c">c2004</subfield>
  </datafield>
  <datafield tag="300" ind1=" " ind2=" ">
    <subfield code="a">239 p. :</subfield>
    <subfield code="b">ill., cartes</subfield>
  </datafield>
  <datafield tag="440" ind1=" " ind2="0">
    <subfield code="a">Collection U</subfield>
  </datafield>
  <datafield tag="500" ind1=" " ind2=" ">
    <subfield code="a">&quot;Cet ouvrage réunit les contributions des chercheurs de l&apos;Observatoire des États postsoviétiques.&quot;--P. [4] de la couv.</subfield>
  </datafield>
  <datafield tag="504" ind1=" " ind2=" ">
    <subfield code="a">Bibliogr.: p. 225-228. Index.</subfield>
  </datafield>
  <datafield tag="520" ind1=" " ind2=" ">
    <subfield code="a">Un rapide panorama de l&apos;évolution des différents États issus de l&apos;éclatement de l&apos;URSS en 1991 : Pays de la CEI (Communauté des États indépendants) et États baltes. Pour chacun, les auteurs abordent la situation politique, les conditions économiques, la sécurité nationale et les relations extérieures. Des cartes et un tableau des principales données statistiques de chacune de ces nouvelles nations complète la présentation. André Roux.</subfield>
  </datafield>
  <datafield tag="651" ind1=" " ind2="6">
    <subfield code="a">Ex-URSS </subfield>
    <subfield code="x">Politique et gouvernement</subfield>
  </datafield>
  <datafield tag="651" ind1=" " ind2="6">
    <subfield code="a">Ex-URSS </subfield>
    <subfield code="x">Conditions économiques</subfield>
  </datafield>
  <datafield tag="651" ind1=" " ind2="6">
    <subfield code="a">Ex-URSS </subfield>
    <subfield code="x">Histoire</subfield>
  </datafield>
  <datafield tag="700" ind1="1" ind2=" ">
    <subfield code="a">Radvanyi, Jean</subfield>
  </datafield>
  <datafield tag="710" ind1="2" ind2=" ">
    <subfield code="a">Observatoire des États post-soviétiques (Institut national des langues et civilisations orientales)</subfield>
  </datafield>
  <datafield tag="596" ind1=" " ind2=" ">
    <subfield code="a">5</subfield>
  </datafield>
  <datafield tag="999" ind1=" " ind2=" ">
    <subfield code="a">947.086 E</subfield>
    <subfield code="w">DEWEY</subfield>
    <subfield code="c">1</subfield>
    <subfield code="i">31234003641469</subfield>
    <subfield code="l">HRST-PRET</subfield>
    <subfield code="m">BM1</subfield>
    <subfield code="p">$49.95</subfield>
    <subfield code="r">Y</subfield>
    <subfield code="s">Y</subfield>
    <subfield code="t">BOOKS</subfield>
    <subfield code="u">11/9/2006</subfield>
    <subfield code="o">.STAFF. Somabec / DG / 2006</subfield>
  </datafield>
</record>