
<record xmlns="http://www.loc.gov/MARC21/slim">
  <leader>01343cam a22002294a 4500</leader>
  <controlfield tag="001">000032756912</controlfield>
  <controlfield tag="008">060718s2006    qucab        f000 0 fre  </controlfield>
  <datafield tag="020" ind1=" " ind2=" ">
    <subfield code="a">0662720326</subfield>
  </datafield>
  <datafield tag="035" ind1=" " ind2=" ">
    <subfield code="a">(Sirsi) a779320</subfield>
  </datafield>
  <datafield tag="110" ind1="2" ind2=" ">
    <subfield code="a">Bureau de la sécurité des transports du Canada.</subfield>
  </datafield>
  <datafield tag="245" ind1="0" ind2="0">
    <subfield code="a">Décollage à puissance réduite et collision avec le relief du Boeing 747-244SF 9G-MKJ exploité par MK Airlines Limited à l&apos;aéroport international de Halifax (Nouvelle-Écosse), le 14 Octobre 2004.</subfield>
  </datafield>
  <datafield tag="260" ind1=" " ind2=" ">
    <subfield code="a">Gatineau, Qué. :</subfield>
    <subfield code="b">Bureau de la sécurité des transports du Canada,</subfield>
    <subfield code="c">2006.</subfield>
  </datafield>
  <datafield tag="300" ind1=" " ind2=" ">
    <subfield code="a">vi, 102 p. :</subfield>
    <subfield code="b">ill., cartes ;</subfield>
    <subfield code="c">28 cm.</subfield>
  </datafield>
  <datafield tag="349" ind1=" " ind2=" ">
    <subfield code="a">Depository Services Canada/Services de dépôt</subfield>
  </datafield>
  <datafield tag="440" ind1=" " ind2="0">
    <subfield code="a">Rapport d&apos;enquête aéronautique ;</subfield>
    <subfield code="v">no A04H0004</subfield>
  </datafield>
  <datafield tag="500" ind1=" " ind2=" ">
    <subfield code="a">Publié aussi en anglais sous le titre: Reduced power at take-off and collision with terrain, MK Airlines Limited Boeing 747-244SF 9G-MKJ, Halifax International Airport, Nova Scotia, 14 October 2004.</subfield>
  </datafield>
  <datafield tag="610" ind1="2" ind2="6">
    <subfield code="a">MK Airlines Ltd.</subfield>
  </datafield>
  <datafield tag="650" ind1=" " ind2="6">
    <subfield code="a">Aéronautique</subfield>
    <subfield code="x">Accidents</subfield>
    <subfield code="z">Nouvelle-Écosse</subfield>
    <subfield code="z">Halifax.</subfield>
  </datafield>
  <datafield tag="650" ind1=" " ind2="6">
    <subfield code="a">Aéronautique</subfield>
    <subfield code="x">Accidents</subfield>
    <subfield code="x">EnquêtezNouvelle-Écosse</subfield>
    <subfield code="z">Halifax.</subfield>
  </datafield>
  <datafield tag="856" ind1="4" ind2="1">
    <subfield code="z">Disponible en ligne</subfield>
    <subfield code="u">http://dsp-psd.tpsgc.gc.ca/Collection/TU3-5-04-2F.pdf</subfield>
  </datafield>
  <datafield tag="596" ind1=" " ind2=" ">
    <subfield code="a">1</subfield>
  </datafield>
  <datafield tag="999" ind1=" " ind2=" ">
    <subfield code="a">TL 553.53 C2 T735814 2006</subfield>
    <subfield code="w">LC</subfield>
    <subfield code="c">1</subfield>
    <subfield code="i">30007008182452</subfield>
    <subfield code="l">DESM-CIR</subfield>
    <subfield code="m">BR1</subfield>
    <subfield code="r">Y</subfield>
    <subfield code="s">Y</subfield>
    <subfield code="t">BOOKS</subfield>
    <subfield code="u">12/9/2006</subfield>
    <subfield code="x">DEPOSIT</subfield>
  </datafield>
</record>