
<record xmlns="http://www.loc.gov/MARC21/slim">
  <leader>01531cam a2200229   4500</leader>
  <controlfield tag="008">060911s2005    fr a          001 0 fra u</controlfield>
  <datafield tag="020" ind1=" " ind2=" ">
    <subfield code="a">2732432326</subfield>
  </datafield>
  <datafield tag="035" ind1=" " ind2=" ">
    <subfield code="a">(Sirsi) a779322</subfield>
  </datafield>
  <datafield tag="100" ind1="1" ind2=" ">
    <subfield code="a">Sargueil, Sylvie</subfield>
  </datafield>
  <datafield tag="245" ind1="1" ind2="0">
    <subfield code="a">Coup de blues : </subfield>
    <subfield code="b">du blues nécessaire à la vraie déprime, comment savoir ce qui se passe /</subfield>
    <subfield code="c">texte : Sylvie Sargueil-Chouery ; illustrations : Princess H.</subfield>
  </datafield>
  <datafield tag="260" ind1=" " ind2=" ">
    <subfield code="a">Paris : </subfield>
    <subfield code="b">De La Martinière Jeunesse, </subfield>
    <subfield code="c">2005</subfield>
  </datafield>
  <datafield tag="300" ind1=" " ind2=" ">
    <subfield code="a">107 p. : </subfield>
    <subfield code="b">ill. (principalement en coul.)</subfield>
  </datafield>
  <datafield tag="440" ind1=" " ind2="0">
    <subfield code="a">Hydrogène</subfield>
  </datafield>
  <datafield tag="500" ind1=" " ind2=" ">
    <subfield code="a">Index. Webographie: p. 100-101.</subfield>
  </datafield>
  <datafield tag="520" ind1=" " ind2=" ">
    <subfield code="a">Des informations précises dans un style direct, ponctuées de témoignages d&apos;adolescents, amènent le lecteur à réfléchir sur la déprime. Pourquoi a-t-on l&apos;humeur si labile à l&apos;adolescence? Les changements hormonaux, l&apos;évolution du caractère, les relations avec les autres, les débuts de l&apos;anxiété, les dérapages à éviter, qui en est atteint, les événements déclencheurs, et quand la déprime devient une maladie, la dépression, à quel moment on doit consulter et comment s&apos;en sortir sont autant de questions posées et de points abordés, le tout présenté de manière réaliste.</subfield>
  </datafield>
  <datafield tag="650" ind1=" " ind2="6">
    <subfield code="a">Dépression chez l&apos;adolescent</subfield>
  </datafield>
  <datafield tag="650" ind1=" " ind2="6">
    <subfield code="a">Dépression mentale</subfield>
  </datafield>
  <datafield tag="650" ind1=" " ind2="6">
    <subfield code="a">Adolescents </subfield>
    <subfield code="x">Psychologie</subfield>
  </datafield>
  <datafield tag="650" ind1=" " ind2="6">
    <subfield code="a">Psychologie du développement</subfield>
  </datafield>
  <datafield tag="700" ind1="1" ind2=" ">
    <subfield code="a">H., Princess</subfield>
  </datafield>
  <datafield tag="596" ind1=" " ind2=" ">
    <subfield code="a">5</subfield>
  </datafield>
  <datafield tag="999" ind1=" " ind2=" ">
    <subfield code="a">616.8527 S</subfield>
    <subfield code="w">DEWEY</subfield>
    <subfield code="c">1</subfield>
    <subfield code="i">31234003638762</subfield>
    <subfield code="d">3/22/2007</subfield>
    <subfield code="e">3/19/2007</subfield>
    <subfield code="l">HRST-PRET</subfield>
    <subfield code="m">BM1</subfield>
    <subfield code="n">3</subfield>
    <subfield code="p">$20.95</subfield>
    <subfield code="r">Y</subfield>
    <subfield code="s">Y</subfield>
    <subfield code="t">BOOKS</subfield>
    <subfield code="u">11/9/2006</subfield>
    <subfield code="o">.STAFF. Dimédia / DG / 2006</subfield>
  </datafield>
</record>