
<record xmlns="http://www.loc.gov/MARC21/slim">
  <leader>01010cam a2200241   4500</leader>
  <controlfield tag="008">060911s1991    mbcab         000 0 eng u</controlfield>
  <datafield tag="020" ind1=" " ind2=" ">
    <subfield code="a">0887551505</subfield>
  </datafield>
  <datafield tag="035" ind1=" " ind2=" ">
    <subfield code="a">(Sirsi) a779326</subfield>
  </datafield>
  <datafield tag="100" ind1=" " ind2=" ">
    <subfield code="a"></subfield>
  </datafield>
  <datafield tag="245" ind1="0" ind2="0">
    <subfield code="a">Aboriginal resource use in Canada : </subfield>
    <subfield code="b">historical and legal aspects /</subfield>
    <subfield code="c">éd. par Kerry Abel et Jean Friesen</subfield>
  </datafield>
  <datafield tag="260" ind1="0" ind2=" ">
    <subfield code="a">Winnipeg : </subfield>
    <subfield code="b">University of Manitoba Press, </subfield>
    <subfield code="c">c1991</subfield>
  </datafield>
  <datafield tag="300" ind1=" " ind2=" ">
    <subfield code="a">vii, 343 p.</subfield>
  </datafield>
  <datafield tag="440" ind1=" " ind2="0">
    <subfield code="a">Manitoba studies in native history ; </subfield>
    <subfield code="v">6</subfield>
  </datafield>
  <datafield tag="504" ind1=" " ind2=" ">
    <subfield code="a">Comprend des réf. bibliogr.</subfield>
  </datafield>
  <datafield tag="650" ind1=" " ind2="6">
    <subfield code="a">Autochtones </subfield>
    <subfield code="z">Canada </subfield>
    <subfield code="x">Terres</subfield>
  </datafield>
  <datafield tag="650" ind1=" " ind2="6">
    <subfield code="a">Autochtones </subfield>
    <subfield code="z">Canada </subfield>
    <subfield code="x">Réclamations</subfield>
  </datafield>
  <datafield tag="650" ind1=" " ind2="6">
    <subfield code="a">Ressources naturelles </subfield>
    <subfield code="x">Politique gouvernementale </subfield>
    <subfield code="z">Canada</subfield>
  </datafield>
  <datafield tag="650" ind1=" " ind2="6">
    <subfield code="a">Autochtones </subfield>
    <subfield code="z">Canada </subfield>
    <subfield code="x">Relations avec l&apos;État</subfield>
  </datafield>
  <datafield tag="650" ind1=" " ind2="6">
    <subfield code="a">Autochtones </subfield>
    <subfield code="z">Canada </subfield>
    <subfield code="x">Conditions économiques</subfield>
  </datafield>
  <datafield tag="700" ind1="1" ind2="0">
    <subfield code="a">Abel, Kerry M. </subfield>
    <subfield code="q">(Kerry Margaret)</subfield>
  </datafield>
  <datafield tag="700" ind1="1" ind2="0">
    <subfield code="a">Friesen, Jean, </subfield>
    <subfield code="d">1943-</subfield>
  </datafield>
  <datafield tag="596" ind1=" " ind2=" ">
    <subfield code="a">5</subfield>
  </datafield>
  <datafield tag="999" ind1=" " ind2=" ">
    <subfield code="a">333.2 A</subfield>
    <subfield code="w">DEWEY</subfield>
    <subfield code="c">1</subfield>
    <subfield code="i">31234003641493</subfield>
    <subfield code="l">HRST-PRET</subfield>
    <subfield code="m">BM1</subfield>
    <subfield code="p">$35.00</subfield>
    <subfield code="r">Y</subfield>
    <subfield code="s">Y</subfield>
    <subfield code="t">BOOKS</subfield>
    <subfield code="u">11/9/2006</subfield>
    <subfield code="o">.STAFF. Alibris / DG / 2006</subfield>
  </datafield>
</record>