
<record xmlns="http://www.loc.gov/MARC21/slim">
  <leader>01316cas a2200313 a 4500</leader>
  <controlfield tag="001">CaOLU012896744</controlfield>
  <controlfield tag="008">931012c19939999onca      r   0    0eng d</controlfield>
  <datafield tag="022" ind1=" " ind2=" ">
    <subfield code="a">1195-0110</subfield>
  </datafield>
  <datafield tag="035" ind1=" " ind2=" ">
    <subfield code="a">(Sirsi) a779327</subfield>
  </datafield>
  <datafield tag="041" ind1="0" ind2=" ">
    <subfield code="a">engfre</subfield>
  </datafield>
  <datafield tag="060" ind1=" " ind2="2">
    <subfield code="a">WX22.DC2.C362</subfield>
  </datafield>
  <datafield tag="245" ind1="0" ind2="0">
    <subfield code="a">Guide to Canadian health care facilities =</subfield>
    <subfield code="b">Guide des établissements de santé du Canada.</subfield>
  </datafield>
  <datafield tag="246" ind1="3" ind2=" ">
    <subfield code="a">Guide to Canadian health care facilities.</subfield>
  </datafield>
  <datafield tag="246" ind1="1" ind2="1">
    <subfield code="a">Guide des établissements de santé du Canada.</subfield>
  </datafield>
  <datafield tag="260" ind1=" " ind2=" ">
    <subfield code="a">Ottawa :</subfield>
    <subfield code="b">Canadian Hospital Association,</subfield>
    <subfield code="c">c1993-</subfield>
  </datafield>
  <datafield tag="300" ind1=" " ind2=" ">
    <subfield code="a">v. ;</subfield>
    <subfield code="c">28 cm.</subfield>
  </datafield>
  <datafield tag="310" ind1=" " ind2=" ">
    <subfield code="a">Annual.</subfield>
  </datafield>
  <datafield tag="362" ind1="0" ind2=" ">
    <subfield code="a">Vol. 1, no.1 (1993/94)-</subfield>
  </datafield>
  <datafield tag="580" ind1=" " ind2=" ">
    <subfield code="a">Merger of: Directory of long term care centres in Canada, and: Canadian hospital directory.</subfield>
  </datafield>
  <datafield tag="500" ind1=" " ind2=" ">
    <subfield code="a">Title from cover.</subfield>
  </datafield>
  <datafield tag="500" ind1=" " ind2=" ">
    <subfield code="a">On cover: &quot;Includes hospitals and long term facilities = Incluant les hôpitaux et les centres de soins de longue durée.&quot;</subfield>
  </datafield>
  <datafield tag="500" ind1=" " ind2=" ">
    <subfield code="a">Text in English and French.</subfield>
  </datafield>
  <datafield tag="650" ind1=" " ind2="2">
    <subfield code="a">Hospitals</subfield>
    <subfield code="z">Canada</subfield>
    <subfield code="v">Directory.</subfield>
  </datafield>
  <datafield tag="650" ind1=" " ind2="2">
    <subfield code="a">Health Facilities</subfield>
    <subfield code="z">Canada</subfield>
    <subfield code="v">Directory.</subfield>
  </datafield>
  <datafield tag="710" ind1="2" ind2=" ">
    <subfield code="a">Canadian Hospital Association.</subfield>
  </datafield>
  <datafield tag="780" ind1="0" ind2="4">
    <subfield code="t">Directory of long term care centres in Canada.</subfield>
  </datafield>
  <datafield tag="780" ind1="0" ind2="4">
    <subfield code="t">Canadian hospital directory</subfield>
    <subfield code="x">0068-8932.</subfield>
  </datafield>
  <datafield tag="596" ind1=" " ind2=" ">
    <subfield code="a">27</subfield>
  </datafield>
  <datafield tag="999" ind1=" " ind2=" ">
    <subfield code="a">WX 22 DC2 C362 2006</subfield>
    <subfield code="w">NLM</subfield>
    <subfield code="c">1</subfield>
    <subfield code="i">30007007380388</subfield>
    <subfield code="l">SL1L-CIR</subfield>
    <subfield code="m">SL1</subfield>
    <subfield code="r">Y</subfield>
    <subfield code="s">Y</subfield>
    <subfield code="t">BOOKS</subfield>
    <subfield code="u">11/9/2006</subfield>
  </datafield>
</record>