
<record xmlns="http://www.loc.gov/MARC21/slim">
  <leader>01016cam a2200241 a 4500</leader>
  <controlfield tag="001">31294248</controlfield>
  <controlfield tag="003">CaOLU</controlfield>
  <controlfield tag="005">20020626115155.0</controlfield>
  <controlfield tag="008">010105s2001    ilua          000 0 eng  </controlfield>
  <datafield tag="020" ind1=" " ind2=" ">
    <subfield code="a">0838981364 (alk. paper)</subfield>
  </datafield>
  <datafield tag="035" ind1=" " ind2=" ">
    <subfield code="a">(Sirsi) a779334</subfield>
  </datafield>
  <datafield tag="040" ind1=" " ind2=" ">
    <subfield code="a">DLC</subfield>
    <subfield code="c">DLC</subfield>
    <subfield code="d">VYF</subfield>
    <subfield code="d">C#P</subfield>
    <subfield code="d">MBU</subfield>
    <subfield code="d">PGC</subfield>
    <subfield code="d">CaOLU</subfield>
    <subfield code="b">eng</subfield>
    <subfield code="d">CaOSULN</subfield>
  </datafield>
  <datafield tag="099" ind1=" " ind2=" ">
    <subfield code="a">Z 679.2 U54 C76 2001</subfield>
  </datafield>
  <datafield tag="100" ind1="1" ind2=" ">
    <subfield code="a">Crosbie, Michael J.</subfield>
  </datafield>
  <datafield tag="245" ind1="1" ind2="0">
    <subfield code="a">When change is set in stone :</subfield>
    <subfield code="b">an analysis of seven academic libraries by Perry Dean Rogers &amp; Partners /</subfield>
    <subfield code="c">Michael J. Crosbie, architectural critic, and Damon D. Hickey, academic librarian.</subfield>
  </datafield>
  <datafield tag="260" ind1=" " ind2=" ">
    <subfield code="a">Chicago :</subfield>
    <subfield code="b">Association of College and Research Libraries,</subfield>
    <subfield code="c">2001.</subfield>
  </datafield>
  <datafield tag="300" ind1=" " ind2=" ">
    <subfield code="a">102 p. :</subfield>
    <subfield code="b">ill. (some col.) ;</subfield>
    <subfield code="c">30 cm.</subfield>
  </datafield>
  <datafield tag="610" ind1="2" ind2="0">
    <subfield code="a">Perry Dean Rogers &amp; Partners.</subfield>
  </datafield>
  <datafield tag="650" ind1=" " ind2="0">
    <subfield code="a">Library architecture</subfield>
    <subfield code="z">United States.</subfield>
  </datafield>
  <datafield tag="650" ind1=" " ind2="0">
    <subfield code="a">Academic libraries</subfield>
    <subfield code="z">United States.</subfield>
  </datafield>
  <datafield tag="700" ind1="1" ind2=" ">
    <subfield code="a">Hickey, Damon Douglas.</subfield>
  </datafield>
  <datafield tag="596" ind1=" " ind2=" ">
    <subfield code="a">12</subfield>
  </datafield>
  <datafield tag="999" ind1=" " ind2=" ">
    <subfield code="a">Z 679.2 U54 C763w 2001 HIRCW</subfield>
    <subfield code="w">NLM</subfield>
    <subfield code="c">1</subfield>
    <subfield code="i">30017000042455</subfield>
    <subfield code="l">HIRCW-CIRC</subfield>
    <subfield code="m">SL1</subfield>
    <subfield code="r">Y</subfield>
    <subfield code="s">Y</subfield>
    <subfield code="t">BOOKS</subfield>
    <subfield code="u">11/9/2006</subfield>
  </datafield>
</record>