
<record xmlns="http://www.loc.gov/MARC21/slim">
  <leader>01052cam a2200289 a 4500</leader>
  <controlfield tag="005">20000426114020.9</controlfield>
  <controlfield tag="008">991115s2000    oncac         000 0aeng  </controlfield>
  <datafield tag="020" ind1=" " ind2=" ">
    <subfield code="a">1550711121 (pbk.) :</subfield>
    <subfield code="c"></subfield>
    <subfield code="2">5.00</subfield>
  </datafield>
  <datafield tag="035" ind1=" " ind2=" ">
    <subfield code="a">(Sirsi) a779335</subfield>
  </datafield>
  <datafield tag="040" ind1=" " ind2=" ">
    <subfield code="a">CaOONL</subfield>
    <subfield code="b">eng</subfield>
    <subfield code="c">CaOONL</subfield>
    <subfield code="d">CaOONL</subfield>
    <subfield code="d">CaOSULN</subfield>
  </datafield>
  <datafield tag="050" ind1="0" ind2="0">
    <subfield code="a">FC3099.T48</subfield>
    <subfield code="b">Z49 2000</subfield>
  </datafield>
  <datafield tag="090" ind1=" " ind2=" ">
    <subfield code="a">LA 2325 .P46A3 2000</subfield>
    <subfield code="b">ROBA</subfield>
    <subfield code="c">1</subfield>
  </datafield>
  <datafield tag="100" ind1="1" ind2=" ">
    <subfield code="a">Petrone, Penny.</subfield>
  </datafield>
  <datafield tag="245" ind1="1" ind2="0">
    <subfield code="a">Embracing Serafina /</subfield>
    <subfield code="c">Penny Petrone.</subfield>
  </datafield>
  <datafield tag="260" ind1=" " ind2=" ">
    <subfield code="a">Toronto :</subfield>
    <subfield code="b">Guernica,</subfield>
    <subfield code="c">2000.</subfield>
  </datafield>
  <datafield tag="300" ind1=" " ind2=" ">
    <subfield code="a">603 p., [16] p. of plates :</subfield>
    <subfield code="b">ill., ports. ;</subfield>
    <subfield code="c">21 cm.</subfield>
  </datafield>
  <datafield tag="490" ind1="1" ind2=" ">
    <subfield code="a">Prose series ;</subfield>
    <subfield code="v">56</subfield>
  </datafield>
  <datafield tag="500" ind1=" " ind2=" ">
    <subfield code="a">Sequel to: Breaking the mould.</subfield>
  </datafield>
  <datafield tag="600" ind1="1" ind2="0">
    <subfield code="a">Petrone, Penny.</subfield>
    <subfield code="v">Biography.</subfield>
  </datafield>
  <datafield tag="600" ind1="1" ind2="0">
    <subfield code="a">Petrone, Penny.</subfield>
    <subfield code="v">Journeys.</subfield>
  </datafield>
  <datafield tag="650" ind1=" " ind2="0">
    <subfield code="a">Authors, Canadian</subfield>
    <subfield code="y">20th century</subfield>
    <subfield code="v">Biography.</subfield>
  </datafield>
  <datafield tag="650" ind1=" " ind2="0">
    <subfield code="a">Educators</subfield>
    <subfield code="v">Biography.</subfield>
  </datafield>
  <datafield tag="650" ind1=" " ind2="0">
    <subfield code="a">Italian Canadians</subfield>
    <subfield code="z">Ontario</subfield>
    <subfield code="z">Thunder Bay</subfield>
    <subfield code="v">Biography.</subfield>
  </datafield>
  <datafield tag="740" ind1="0" ind2=" ">
    <subfield code="a">Breaking the mould.</subfield>
  </datafield>
  <datafield tag="830" ind1=" " ind2="0">
    <subfield code="a">Prose series</subfield>
    <subfield code="v">v. 56</subfield>
  </datafield>
  <datafield tag="596" ind1=" " ind2=" ">
    <subfield code="a">12</subfield>
  </datafield>
  <datafield tag="999" ind1=" " ind2=" ">
    <subfield code="a">FC 3099  T48 Z49 2000 HIRCW</subfield>
    <subfield code="w">NLM</subfield>
    <subfield code="c">1</subfield>
    <subfield code="i">30017000042380</subfield>
    <subfield code="l">HIRCW-CIRC</subfield>
    <subfield code="m">SL1</subfield>
    <subfield code="r">Y</subfield>
    <subfield code="s">Y</subfield>
    <subfield code="t">BOOKS</subfield>
    <subfield code="u">11/9/2006</subfield>
  </datafield>
</record>