
<record xmlns="http://www.loc.gov/MARC21/slim">
  <leader>00431cam a2200133   4500</leader>
  <controlfield tag="008">060912s2006    nyu           000 0 eng u</controlfield>
  <datafield tag="020" ind1=" " ind2=" ">
    <subfield code="a">0451215672</subfield>
  </datafield>
  <datafield tag="035" ind1=" " ind2=" ">
    <subfield code="a">(Sirsi) a779336</subfield>
  </datafield>
  <datafield tag="100" ind1="1" ind2=" ">
    <subfield code="a">Myers, Tamar.</subfield>
  </datafield>
  <datafield tag="245" ind1="1" ind2="0">
    <subfield code="a">Assault and pepper /</subfield>
    <subfield code="c">Tamar Myers.</subfield>
  </datafield>
  <datafield tag="260" ind1=" " ind2=" ">
    <subfield code="a">New York :</subfield>
    <subfield code="b">Signet,</subfield>
    <subfield code="c">2006.</subfield>
  </datafield>
  <datafield tag="300" ind1=" " ind2=" ">
    <subfield code="a">259 p.</subfield>
  </datafield>
  <datafield tag="596" ind1=" " ind2=" ">
    <subfield code="a">1</subfield>
  </datafield>
  <datafield tag="999" ind1=" " ind2=" ">
    <subfield code="a">PB LP MYE</subfield>
    <subfield code="w">LC</subfield>
    <subfield code="c">1</subfield>
    <subfield code="i">30007008191891</subfield>
    <subfield code="d">4/17/2007</subfield>
    <subfield code="e">3/22/2007</subfield>
    <subfield code="l">DESMP-CIRC</subfield>
    <subfield code="m">BR1</subfield>
    <subfield code="n">1</subfield>
    <subfield code="r">Y</subfield>
    <subfield code="s">Y</subfield>
    <subfield code="t">BOOKS</subfield>
    <subfield code="u">12/9/2006</subfield>
    <subfield code="x">GIFTS</subfield>
  </datafield>
</record>